2532 4164
468 309 562 377 32
861 327 955 374 nn
1004 326 1324 375 Monrnvs
1375 293 1804 375 causamme

463 501 667 542 servus
694 484 977 539 hactenus
1022 488 1202 555 paret.
1289 484 1501 540 Cetera
1556 485 1758 540 domus
1812 482 2005 542 officia
2058 503 2205 544 uxor

462 601 533 642 ac
565 584 730 639 liberi
759 590 1165 655 exsequuntur.
1249 583 1576 640 verberare
1606 601 1857 651 servum,
1881 602 1951 642 ac
1979 587 2202 648 ‚vincu-

461 682 536 741 lis
565 690 623 739 et
666 701 840 755 opere
892 698 1184 748 coercere,
1212 699 1419 739 rarum.
1502 683 1791 740 Occidere
1839 686 2048 752 solent,
2079 703 2198 743 non

461 783 773 855 disciplina
801 788 861 838 et
912 781 1248 845 severitate,
1297 783 1398 837 sed
1428 781 1630 854 inpetu
1678 790 1734 838 et
1766 784 1869 848 ira,
1919 791 1978 839 ut
2012 784 2202 841 inimi·

460 890 613 947 cum,
644 881 755 937 nisi
782 881 931 954 quod
958 879 1210 951 impune.
1296 879 1587 938 Libertini
1616 898 1730 937 non
1762 884 2001 938 multum
2030 899 2203 954 supra

459 999 661 1040 servos
710 986 862 1045 sunt,
912 996 1039 1035 raro
1068 978 1300 1053 aliquod
1331 990 1688 1036 momentum
1718 981 1778 1036 in
1820 983 2009 1041 domo,
2042 999 2198 1038 num·

456 1094 626 1156 quam
682 1080 742 1136 in
783 1078 1071 1147 civitate3
1112 1078 1380 1150 exceptis
1435 1080 1734 1135 dumtaxat
1785 1079 1856 1134 iis
1909 1080 2197 1152 gentibus,

455 1198 603 1256 quae
633 1181 959 1251 regnantur.
1042 1177 1134 1235 lbi
1161 1178 1319 1233 enim
1349 1183 1409 1234 et
1435 1194 1608 1249 super
1633 1178 1921 1251 ingenuos
1943 1187 1998 1234 et
2029 1197 2199 1251 super

455 1280 683 1336 nobiles
739 1277 1096 1333 ascendunt:
1147 1277 1298 1348 apud
1341 1283 1570 1332 ceteros
1622 1277 1873 1350 impares
1942 1276 2198 1335 libertini

452 1376 738 1436 libertatis
759 1380 1159 1447 argumentum
1206 1378 1361 1431 sunt.

512 1530 746 1577 Hactenus
761 1531 901 1592 paret]
964 1530 1093 1576 Licet
1114 1544 1265 1575 servus
1285 1528 1401 1590 apud
1419 1529 1666 1577 Germanos
1698 1544 1820 1576 suam
1846 1530 1994 1576 sedem
2010 1529 2193 1588 habeat,

455 1606 555 1639 suos
576 1595 757 1650 penates
778 1597 917 1647 regat,
970 1596 1064 1633 aret
1086 1596 1235 1634 tamen
1255 1588 1449 1636 domino.
1487 1603 1567 1634 nec
1602 1589 1733 1635 habet
1770 1588 2025 1634 libertatem
2047 1609 2056 1634 :
2090 1591 2194 1636 hac·

453 1657 583 1698 tenus
603 1662 754 1694 servus
773 1655 855 1693 est.
965 1649 1057 1693 ales
1089 1648 1211 1692 fuere
1248 1649 1370 1707 apud
1391 1662 1469 1693 nos
1490 1653 1612 1699 tante
1631 1656 1822 1708 quatuor
1859 1650 2050 1702 saecula,
2084 1663 2193 1709 quos

453 1724 619 1761 servos,
642 1706 779 1763 δρψ,
802 1706 1066 1752 dicebamus.
1133 1707 1294 1752 Postea
1322 1707 1549 1761 Germani,
1573 1708 1801 1753 Romanos
1838 1706 2017 1760 imitati,
2038 1722 2191 1753 servos

453 1767 669 1821 habuere,
709 1766 943 1811 deterioris
977 1765 1274 1819 conditioni„
1330 1773 1434 1811 tunc
1471 1781 1607 1826 penes
1646 1780 1722 1811 eos
1762 1767 1920 1812 mansit
1961 1781 2187 1817 servorum

452 1841 628 1873 nomen.
694 1824 819 1872 Servi
842 1839 963 1880 vero,
983 1830 1032 1869 ut
1052 1824 1115 1869 ita
1135 1823 1297 1877 dicam,
1319 1825 1479 1878 coloni,
1513 1825 1623 1871 dicti
1654 1833 1756 1870 sunt
1793 1824 1909 1869 Lidi.
1977 1825 2076 1871 Hoc
2099 1839 2190 1871 ser·

452 1900 611 1930 vorum
630 1884 865 1930 discrimen
889 1888 1016 1945 patet
1034 1897 1088 1929 ex
1128 1883 1251 1941 hege
1285 1884 1448 1939 Salica,
1482 1884 1578 1930 Tit.
1612 1883 1766 1930 XXX.
1788 1890 1834 1929 et
1854 1898 1908 1929 ex
1943 1884 2067 1942 Lege
2085 1884 2186 1931 Fri-

449 1945 635 1996 tionum,
654 1944 747 1990 Tit.
781 1943 888 1989 XV.

509 2024 723 2085 Impune}
791 2022 891 2069 Non
906 2021 1084 2082 impune
1100 2021 1324 2068 inimicum
1344 2021 1623 2075 occidebant,
1644 2021 1859 2080 siquidem
1900 2022 2187 2071 homicidium

449 2099 637 2132 numero
659 2097 866 2144 pecorum
888 2081 1100 2128 lueretur.
1162 2082 1298 2128 Suum
1321 2097 1428 2126 vero
1446 2097 1619 2128 servum
1640 2084 1842 2128 occidere
1875 2084 2051 2144 impune
2070 2091 2183 2131 erat.

452 2145 539 2191 Sed
562 2144 597 2187 si
618 2144 715 2203 quis
737 2141 931 2188 alienum
952 2156 1127 2188 servum
1165 2142 1406 2197 occideret,
1426 2149 1531 2188 tunc
1562 2142 1823 2189 solvendum
1854 2151 1954 2189 erat
1973 2143 2089 2189 servi
2111 2144 2188 2189 do·

451 2203 573 2250 mino
593 2202 800 2263 pretium.

509 2280 755 2341 Libertini]
820 2280 962 2332 Servi,
997 2279 1034 2325 si
1072 2278 1502 2333 manumitterentur,
1535 2279 1788 2326 libertatem
1810 2279 2184 2340 adipiscebantur,

448 2345 493 2388 et
518 2339 881 2400 nuncupabantur
901 2338 1066 2384 liberti.
1129 2338 1256 2383 Ordo
1274 2337 1454 2382 illorum
1473 2338 1712 2392 bominum,
1736 2339 2043 2385 libertinorum
2064 2340 2182 2385 dice·

449 2400 597 2452 batur,
620 2414 705 2445 non
726 2413 834 2443 vero
866 2397 1144 2453 libertorum,
1164 2402 1215 2441 ut
1250 2403 1373 2441 recte
1406 2396 1619 2441 observat
1657 2398 1728 2442 Cl.
1774 2398 2002 2443 Ernestus.
2065 2398 2181 2445 Cum

447 2458 642 2504 invaluit
680 2458 890 2517 pecuniae
928 2471 1044 2508 usus,
1081 2454 1198 2500 servi
1232 2455 1676 2509 manumittebantur,
1717 2471 1897 2509 excusso
1935 2471 1988 2502 ex
2026 2470 2180 2505 eorum

447 2532 579 2564 manu
599 2531 747 2562 coram
769 2529 888 2574 rege,
914 2515 982 2558 vel
1007 2514 1206 2568 civitate,
1229 2514 1428 2559 denario.
1497 2513 1628 2564 Unde
1647 2514 1845 2562 homines
1866 2515 1935 2560 isti
1956 2516 2184 2562 denaria&

447 2577 662 2646 appellati
682 2581 797 2621 sunt.
867 2575 993 2633 Apud
1017 2573 1263 2618 Germanos
1287 2586 1373 2617 non
1395 2571 1580 2617 multum
1597 2569 1732 2632 'supra
1753 2588 1902 2619 servos
1934 2584 2064 2619 erant
2087 2596 2096 2619 ι
2131 2580 2180 2622 et

444 2649 480 2682 st
502 2636 597 2680 sine
618 2634 766 2679 liberis
786 2647 901 2678 mors
921 2632 983 2676 eis
1001 2631 1268 2686 obvenisset,
1290 2645 1442 2676 eorum
1464 2631 1686 2676 hereditas
1709 2634 1764 2677 ad
1805 2635 1950 2678 fiscum
1987 2635 2180 2693 pertine-

444 2693 541 2746 bat,
560 2702 607 2739 ut
627 2692 755 2738 docet
779 2693 872 2738 Lex
909 2690 1241 2750 Ripuariorum,
1275 2690 1367 2734 Tit.
1404 2688 1553 2735 LVtt.
1592 2693 1672 2749 leg.
1698 2695 1748 2737 4„
1802 2692 1855 2736 St·
1888 2698 2035 2739 autem
2055 2693 2180 2739 homo

443 2753 704 2800 denariatus
738 2752 895 2809 absque
931 2749 1084 2795 liberis
1103 2747 1364 2805 dIscessert’i,
1384 2762 1475 2794 non
1493 2749 1638 2796 alium
1670 2751 1762 2796 nisi
1774 2750 1949 2807 fiscum
1977 2758 2180 2799 nostrum

442 2811 643 2858 heredem
662 2810 899 2868 relinquat.

501 2889 697 2950 Liberti]
752 2887 825 2933 Sic
845 2885 1014 2943 vulgati
1034 2899 1199 2932 omnes.
1264 2888 1328 2933 At
1349 2901 1427 2933 nos
1447 2887 1756 2942 castigavimus
1775 2887 1991 2935 libertini.
2055 2888 2178 2935 vlti-

440 2963 516 2996 ma
535 2947 708 3004 syllaba
728 2946 859 2991 absor
892 2954 937 2989 ta
954 2950 1019 2989 est
1037 2959 1064 2988 a
1080 2952 1293 3003 sequente
1312 2947 1466 2992 verbo.
1531 2947 1572 2992 N
1579 2963 1648 2992 am
1672 2948 1728 2991 de
1761 2947 1919 2993 ordine
1949 2948 2175 2995 hominum

439 3008 653 3077 loquitur,
674 3007 747 3066 qui
778 3012 844 3049 est
884 3003 1188 3056 ibertiuorum,
1224 3019 1311 3050 non
1353 3005 1623 3051 libertorum.
1688 3006 1831 3051 Cicer.
1871 3005 2003 3052 Verr.
2031 3010 2069 3058 1,
2101 3012 2175 3055 47.

440 3067 603 3113 deinde
624 3079 725 3110 mox
743 3065 910 3108 diserte
927 3062 1130 3108 libertini
1146 3062 1189 3106 in
1214 3063 1419 3110 omnibus
1440 3064 1562 3109 libris
1625 3065 1816 3125 demque
1847 3081 1933 3110 non
1953 3066 2008 3110 ad
2029 3067 2173 3124 singu·

440 3126 511 3173 las
530 3127 699 3177 domos,
720 3122 795 3168 sed
818 3122 874 3166 ad
894 3121 1101 3165 civitates
1124 3122 1388 3169 reseruntur.
1451 3123 1665 3169 Similiter
1683 3125 1795 3169 infra
1819 3140 1854 3168 c.
1881 3128 1950 3170 ⁴4.
1974 3124 2019 3170 in
2043 3124 2181 3171 simili

440 3189 717 3241 argumento.
742 3180 993 3233 libertinus,
1015 3194 1100 3224 non
1122 3181 1322 3226 libertus.
1387 3182 1553 3227 Similis
1574 3189 1640 3229 est
1657 3185 1791 3229 etiam
1814 3184 1936 3229 locus
1970 3183 2087 3230 Livii
2124 3188 2169 3241 4,

439 3246 483 3289 3.
510 3247 549 3287 et
568 3239 752 3296 proinde
770 3239 847 3284 hoc
863 3240 975 3283 vacet
1127 3243 1349 3297 tamquam
1379 3254 1555 3286 servum
1589 3248 1670 3287 aut
1704 3242 1969 3288 Iibturtinum
2006 3242 2173 3312 aliquis

440 3300 678 3348 Consulem
683 3299 793 3356 fore
809 3297 939 3342 dicae.
1008 3298 1124 3343 Nam
1161 3300 1281 3357 quod
1323 3298 1366 3345 in
1407 3302 1537 3356 tgric.
1561 3317 1596 3346 c.
1625 3305 1688 3347 19.
1758 3302 1967 3358 Agricola
2007 3302 2172 3348 dicitur

436 3359 560 3407 nihil
575 3372 655 3413 per
673 3356 848 3401 libertos
866 3370 1088 3414 servosque
1104 3358 1306 3412 publicae
1326 3359 1395 3403 rei
1414 3359 1546 3416 ‘gisae
1558 3376 1579 3416 ,·
1608 3375 1752 3406 sermo
1771 3371 1834 3405 est
1859 3362 1915 3405 de
1938 3361 2106 3406 libertis
2122 3365 2172 3406 et

439 3418 578 3466 servis
602 3415 848 3472 Agricolae,
871 3430 960 3460 uon
982 3417 1039 3460 de
1058 3417 1213 3461 ordine
1234 3417 1458 3462 hominum
1483 3419 1525 3462 in
1542 3434 1719 3476 genere.
1783 3420 1901 3466 Em.

496 3497 723 3553 Ingenuus
743 3499 781 3538 et
801 3507 932 3549 super
951 3494 1133 3554 nobiles]
1197 3494 1289 3541 Hic
1312 3494 1509 3542 videmus
1542 3505 1731 3558 quatuor
1766 3498 2066 3543 conditionum
2088 3497 2175 3545 dis·

435 3556 640 3603 crimina.
668 3553 838 3599 nobiles
859 3567 1031 3613 nempe,
1051 3554 1276 3611 ingenuos,
1299 3554 1542 3611 libertinos,
1561 3572 1725 3602 servm.
1789 3557 1976 3602 Nobiles
1991 3569 2172 3614 genem,

436 3616 674 3677 dignitate,
692 3611 942 3660 muneribus
959 3613 1309 3674 praecellebant.
1372 3616 1555 3675 lngenui
1572 3619 1742 3676 origine
1761 3617 1987 3679 stirpeque
2021 3615 2174 3676 liberi,
