2532 4164
1013 339 1167 388 car.
1223 316 1463 388 6.-8.
1996 292 2084 388 61'

352 493 669 552 dei-ationis
694 497 866 569 atque
896 494 1290 552 abundantiae
1346 494 1536 562 duxit,
1564 494 1648 551 uti
1692 496 1863 568 longe
1903 511 1941 551 a
1969 497 2093 553 lux·
2141 478 2146 483 ⁰

360 594 503 660 uria,
571 592 654 650 ita
725 592 913 650 famae
971 594 1215 667 propior.
1339 593 1498 650 Tum
1540 595 1760 650 electus
1807 610 1844 650 a
1900 593 2093 651 Galba

360 694 435 750 ad
501 694 656 749 dona
693 694 1042 764 templorum
1093 693 1581 765 recognoscenda,
1643 692 2092 766 diligentissima

361 772 787 864 conquisitione
856 790 1015 855 fecit,
1072 810 1145 848 ne
1207 791 1371 848 cuius
1426 791 1660 848 alterius
1725 790 2092 866 sacrilegium

356 886 732 962 Respublica,
780 907 950 964 quam
987 889 1260 953 Neronis,
1284 889 1576 947 sensisset.

384 1004 393 1013 ·
444 991 707 1063 Sequens
737 1007 922 1046 annus
967 989 1134 1064 gravi
1194 988 1433 1046 vulnere
1462 987 1717 1045 animum
1746 989 2087 1064 domumque
2112 1002 2151 1064 7
2201 1020 2206 1025 ·

358 1086 485 1145 eius
527 1086 770 1144 adflixit.
812 1105 945 1144 nam
1001 1088 1203 1144 classis
1260 1087 1616 1152 Othoniana,
1648 1088 1890 1145 licenter
1918 1106 2087 1162 vaga,

356 1187 495 1244 dum
538 1186 876 1243 Intemelios
916 1185 1217 1262 (Liguriae
1261 1204 1395 1259 pars
1444 1181 1559 1262 est)
1600 1181 1889 1242 hostiliter
1917 1205 2090 1259 popu-

356 1286 524 1348 latur,
554 1290 796 1342 matrem
831 1284 1149 1358 Agricolae
1174 1284 1236 1341 in
1271 1285 1571 1355 praesidiis
1599 1283 1716 1340 suis
1759 1283 2085 1341 interfecit:
2131 1318 2134 1326 ι

355 1381 704 1458 praediaque
743 1376 872 1454 ipsa
914 1388 973 1439 et
1029 1401 1294 1456 magnam
1325 1381 1656 1456 patrimonii
1709 1387 1928 1454 partem
1955 1383 2088 1440 diri-

354 1482 498 1556 p‘uit,
539 1501 685 1558 quae
714 1499 916 1540 caussa
961 1483 1159 1540 caedis
1187 1483 1391 1539 fuerat.
1478 1482 1662 1555 igitur
1702 1481 1773 1538 ad
1803 1482 2087 1539 solemnia

354 1581 591 1654 pietatis
622 1582 911 1654 profectus
960 1582 1252 1656 Agricola,
1311 1582 1516 1637 nuntio
1544 1581 1818 1638 adfectati
1872 1598 1906 1637 a
1939 1581 2087 1639 Ves-

354 1679 598 1754 pasiano
655 1681 889 1749 lmperii
943 1681 1355 1753 deprehensus,
1422 1696 1493 1737 ac
1548 1680 1746 1752 statim
1785 1679 1845 1736 in
1895 1688 2085 1754 partes

353 1783 738 1854 transgressus
761 1788 868 1836 est.
953 1780 1130 1837 Initia
1174 1778 1542 1851 principatus
1576 1795 1646 1836 ac
1687 1787 1899 1837 statum
1929 1779 2083 1838 urbis

274 1905 293 1922 ·
354 1875 666 1934 Mucianus
696 1866 955 1947 regssebat,
995 1878 1305 1934 admodum
1362 1877 1577 1934 iuvene
1612 1878 1971 1944 Domitiano,
2024 1882 2085 1935 et

350 1995 427 2034 ex
472 1988 706 2049 paterna
735 1978 968 2034 fortuna
1025 1984 1248 2034 tantum
1280 1962 1578 2033 licentiam
1610 1983 1938 2049 usurpante.
2021 1978 2082 2034 Is

342 2076 581 2136 missum
651 2077 722 2133 ad
796 2078 1061 2133 delectus
1105 2077 1361 2150 agendus
1430 2074 1781 2147 Agricolam,
1833 2074 2084 2147 integre-

348 2193 459 2251 que
487 2194 557 2233 ac
584 2186 817 2233 strenue
864 2183 1172 2242 versatum,
1203 2174 1521 2231 vicesimae
1550 2173 1788 2247 legioni,
1816 2177 1979 2231 tarde
2008 2177 2084 2233 ad

272 2325 281 2329 -
347 2282 774 2331 sacramentum
819 2280 1230 2346 transgressae,
1275 2272 1619 2345 praeposuit,
1673 2273 1769 2329 ubi
1812 2274 2083 2332 decessor

348 2375 626 2431 seditiose
681 2391 853 2446 agere
911 2375 1279 2456 narrabatur:
1324 2372 1534 2446 quippe
1579 2373 1816 2445 Legatis
1855 2391 2080 2448 quoque

347 2471 761 2529 Consularibus
792 2471 971 2528 nimia
999 2489 1070 2528 ac
1099 2472 1465 2528 formidolosa
1495 2477 1636 2527 erat.
1722 2471 1853 2528 Nec
1895 2474 2081 2546 Lega-

344 2575 434 2628 tus
490 2570 816 2627 Praetorius
889 2549 982 2625 ad.
1015 2570 1406 2626 cohibendum
1480 2576 1703 2639 potens,
1773 2571 2078 2641 incertum,

341 2687 449 2726 suo
470 2687 546 2726 an
589 2667 835 2726 militum
888 2668 1163 2741 ingenio:
1203 2667 1287 2724 ita
1342 2685 1643 2725 successor
1668 2669 1855 2739 simul,
1906 2678 1965 2727 et
1996 2673 2077 2728 ul·

340 2772 431 2826 tor
483 2770 722 2832 electus,
794 2766 1079 2826 rarissima
1134 2766 1550 2831 moderatione,
1623 2767 1822 2824 maluit
1886 2768 2074 2826 videri

339 2865 638 2924 invenisse
683 2868 882 2933 bonos,
921 2882 1093 2940 quam
1123 2866 1349 2922 secisse.
1458 2866 1732 2923 Praeerat
1776 2876 1915 2926 tunc
1948 2869 2072 2926 Bri·
2096 2865 2133 2924 8

396 3019 590 3081 Sequens
599 3022 765 3083 onnus]
790 3020 897 3068 Fuit
913 3034 1052 3067 annus
1067 3019 1202 3066 Urbis
1215 3020 1422 3067 conditae
1436 3035 1653 3068 ncccxxn
1666 3055 1678 3068 .
1693 3022 1800 3069 ,lesu
1813 3022 1983 3069 Christi
1995 3026 2069 3071 69.

400 3098 641 3169 Psicesimae
659 3099 843 3160 legioni]
908 3098 1132 3145 Vicesima
1161 3099 1469 3203 legiohvictrix
1499 3101 1542 3145 in
1579 3100 1804 3171 Britannia
1825 3100 1943 3146 inter
1961 3102 2073 3173 Cpr.

332 3159 762 3279 ’,ἔῖζῗῗῶῗῖῗΐῗῗ
763 3158 1283 3267 :22‘22235'5a‘32'3‘11f
1289 3160 1745 3274 2215‘52332223235
1751 3165 1959 3263 ¹2:223?
1960 3176 2069 3265 ”¹333
2113 3217 2121 3224 ·

333 3276 968 3395 ggguzffgaegig'zzzergggt
999 3276 1280 3337 antiquitatis
1311 3276 1487 3323 rudera.
1554 3276 1673 3323 Vide
1692 3277 1915 3323 eruditum
1936 3278 2070 3326 Cam·

392 3412 693 3459 F'nrmidolosa
712 3413 824 3475 erut]
881 3412 1142 3474 Superbiam
1160 3427 1268 3459 sane
1285 3413 1327 3457 ei
1348 3413 1604 3459 indiderunt
1623 3413 1800 3471 egregia
1820 3415 1913 3472 ejus
1931 3415 2066 3464 sacta.

332 3470 407 3519 Dc
428 3474 510 3517 bac
531 3472 706 3530 legione
725 3472 890 3518 dictum
912 3487 1043 3531 stupra
1062 3471 1107 3517 in
1130 3472 1265 3517 Notis
1294 3481 1341 3516 et
1364 3472 1762 3518 Emendatiouibus
1782 3473 1838 3518 ad
1862 3473 1978 3519 Hist.
2004 3476 2064 3522 ll.

330 3533 374 3577 6.
443 3531 581 3589 hegio
597 3531 808 3577 vicesima
840 3531 1025 3579 Valeria
1054 3529 1229 3576 Victrix
1256 3531 1303 3575 in
1332 3532 1560 3591 superiore
1591 3530 1833 3577 Britannia.
1899 3533 1949 3578 ln
1970 3532 2069 3580 Bri-

326 3588 480 3634 tannia
510 3590 701 3649 plurima
733 3594 912 3636 manent
949 3590 1044 3646 eJus
1081 3595 1385 3647 monumenta,
1411 3603 1541 3650 ‘quae
1574 3590 1680 3637 vide
1714 3591 1838 3651 apud
1871 3591 2071 3640 eruditos

326 3647 546 3705 eamden,
567 3648 768 3709 Gordon,
789 3648 1005 3708 Horsley,
1021 3647 1239 3709 aliosque.

375 3746 519 3788 voi..
570 3749 591 3787 1
610 3749 682 3791 n.
1161 3732 1210 3784 ὗ
