2532 4164
407 239 547 310 138
746 263 841 312 m:
895 261 1354 315 osmonnws
1403 264 1765 350 nrALoevs

292 412 375 472 25
480 417 639 477 Tum
709 418 1010 479 Messala:
1073 422 1298 496 Sequar
1362 436 1398 477 a
1459 424 1520 477 te
1562 419 1978 493 praescriptam
2031 418 2141 478 fon·

393 534 570 584 mam,
624 517 912 577 Materne.
980 537 1169 594 neque
1234 519 1396 577 enim
1460 517 1561 576 diu
1615 518 2134 579 contradicendum

393 620 486 673 est
556 618 736 689 Apro,
802 618 901 691 qui
955 619 1220 697 primum,
1276 623 1339 675 ut
1392 618 1618 690 opinor,
1674 616 1926 675 nominis
1996 634 2136 676 eon-

392 715 736 773 troversiam
792 716 997 785 movit,
1039 724 1332 791 tamquam
1387 733 1589 789 parum
1628 715 1856 789 proprie
1909 712 2136 789 antiqui

392 821 760 882 vocarentur,
818 833 960 889 quos
999 817 1141 873 satis
1180 823 1413 874 constat
1462 822 1602 873 ante
1655 821 1892 876 eentum
1948 832 2134 874 annes

388 911 586 971 fuisse.
664 913 819 971 Mihi
848 921 1043 971 autem
1070 917 1144 972 de
1186 917 1473 973 vocabulo
1520 933 1713 989 pugna
1741 934 1861 973 non
1889 914 2133 974 sstz‘si·
2230 908 2235 914 ’

390 1028 468 1067 ve
516 1011 649 1069 iilos
698 1013 983 1088 antiquos,
1033 1014 1164 1071 sive
1205 1015 1476 1080 maiores,
1525 1014 1655 1071 sive
1697 1031 1811 1087 quo
1859 1014 1977 1071 aiio
2016 1030 2135 1072 ma-

390 1111 518 1168 vult
572 1112 827 1178 nomine,
882 1115 1183 1185 appellet:
1250 1113 1562 1171 dummodo
1616 1112 1678 1170 in
1727 1113 1996 1171 confesso
2037 1113 2134 1181 sit,

389 1210 833 1269 eminentiorem
861 1212 1089 1270 iliorum
1131 1218 1450 1285 temporum
1501 1212 1897 1287 eloquentiam
1932 1212 2129 1270 fuisse.

390 1309 488 1367 Ne
516 1310 603 1367 itti
631 1310 863 1384 quidem
893 1311 1040 1384 parti
1066 1311 1351 1369 sermonis
1399 1312 1524 1369 eius
1552 1329 1812 1387 repugno
1863 1311 1969 1378 sio,
2017 1326 2132 1384 quo

389 1409 579 1467 miuus
635 1410 838 1475 fatear,
892 1413 1081 1484 piures
1129 1410 1339 1468 formas
1394 1411 1631 1469 dicendi
1688 1411 1866 1467 etiam
1919 1409 2129 1467 iisdem

389 1509 690 1576 saeculis,-
734 1511 949 1567 nedum
1026 1509 1298 1578 diversis,
1366 1511 1683 1570 exstitisse.
1810 1511 1949 1577 Sed,
2014 1525 2131 1583 quo

388 1609 563 1665 modo
584 1609 736 1665 iuter
767 1608 1001 1670 Atticos
1029 1616 1286 1665 oratores
1328 1608 1547 1682 primae
1598 1608 1987 1666 Demostheni
2036 1607 2133 1665 tri·

388 1708 657 1777 buuntur,
696 1708 950 1787 primum·
991 1717 1185 1768 autem
1234 1711 1428 1767 locum
1462 1710 1794 1768 Aeschines
1820 1715 1881 1767 et
1931 1710 2132 1784 Hype-

388 1805 543 1864 rides
570 1813 631 1864 et
683 1809 895 1882 Lysias
935 1815 995 1866 et
1044 1810 1348 1883 Lycurgus
1391 1808 1680 1877 obtinent,
1729 1809 1987 1866 omnium
2034 1826 2129 1866 au·

388 1909 507 1964 tem
554 1924 842 1965 consensu
891 1908 1039 1965 haee
1082 1914 1374 1965 oratorum
1422 1916 1583 1966 setas
1624 1908 1880 1966 maxime
1930 1909 2132 1981 proba-

388 2008 511 2076 tur;
551 2006 638 2064 sic
666 2009 817 2080 apud
848 2025 956 2065 nos
997 2007 1209 2065 Cieero
1255 2008 1492 2081 quidem
1537 2013 1765 2064 eeteros
1813 2008 2129 2066 eorundem

389 2106 709 2181 temporum
756 2108 1002 2168 disertos
1047 2108 1383 2175 antecessit,
1414 2109 1637 2167 Calvus
1665 2113 1881 2176 autem,
1908 2115 1967 2165 et
1998 2107 2134 2169 Asi.-

388 2208 539 2275 nius‚
570 2215 630 2265 et
660 2208 898 2282 Caesar,
954 2211 1015 2264 et
1071 2208 1331 2275 Coelius,
1386 2213 1446 2264 et
1498 2208 1711 2265 Brutus
1751 2225 1858 2265 suo
1895 2200 2018 2265 iure
2073 2213 2135 2266 et

388 2307 690 2380 prioribus,
761 2313 822 2363 et
895 2307 1288 2381 sequentibus,
1343 2312 1818 2379 anteponuntur:
1866 2325 1979 2364 nee
2046 2325 2132 2365 re·

388 2407 517 2473 fert,
570 2407 720 2479 quod
775 2405 929 2465 inter
993 2423 1056 2462 se
1111 2405 1312 2478 specie
1371 2405 1658 2473 differant,
1712 2423 1849 2464 oum
1880 2438 1883 2439 ν
1912 2424 2131 2481 genere

388 2504 781 2563 consentiant.
866 2504 1220 2563 Adstrictior
1269 2505 1510 2572 Calvus,
1566 2505 1924 2563 numerosior
1997 2506 2131 2563 Asi·

388 2603 541 2671 nius,
594 2603 952 2677 splendidior
994 2603 1230 2671 Caesar,
1285 2605 1533 2661 amarior
1585 2605 1843 2668 Coelius,
1897 2605 2132 2679 gravior

388 2702 627 2767 Brutus,
677 2703 1081 2761 vehementior
1133 2711 1194 2760 et
1248 2703 1475 2777 plenior
1530 2709 1590 2761 et
1640 2704 1933 2762 valentior
1961 2704 2130 2763 Cice·

389 2823 498 2873 τος
562 2817 764 2863 omnes
819 2808 1014 2861 tamen
1077 2804 1325 2861 eandem
1391 2803 1705 2860 sanitatem
1758 2804 2128 2878 eloquentiae

387 2904 621 2961 ferunt:
691 2907 769 2970 ut,
826 2901 876 2959 si
931 2902 1190 2960 omnium
1258 2903 1474 2975 pariter
1545 2903 1721 2961 libros
1777 2903 1839 2959 in
1897 2920 2132 2963 manum

387 3001 716 3077 sumpseris,
762 3002 934 3069 scias,
960 3003 1228 3074 quamvis
1275 3001 1337 3059 in
1386 3002 1633 3058 diversis
1680 3002 1954 3075 ingeniis,
2003 3021 2132 3060 esse

269 3170 276 3177 N
387 3103 676 3180 quandam
694 3101 907 3175 judieii
937 3119 1007 3158 ao
1028 3101 1346 3158 voluntatis
1370 3101 1810 3159 similitudinem
1835 3111 1896 3158 et
1923 3119 2134 3175 cogna-

387 3203 631 3261 tionem.
716 3202 889 3265 Nam‚
917 3202 1066 3274 quod
1112 3201 1374 3257 invicem
1412 3219 1477 3256 se
1520 3202 2016 3268 obtrectaverunt,
2044 3198 2134 3277 (et

388 3305 693 3375 supersunt
741 3302 932 3374 aliqua
962 3299 1224 3372 epistolis
1272 3317 1470 3357 eorum
1514 3299 1762 3365 inserta,
1807 3317 1883 3357 ex
1926 3301 2132 3374 quibus

388 3406 588 3460 mutua
634 3399 968 3473 malignitas
1020 3397 1336 3473 detegitur)
1393 3417 1508 3456 non
1559 3408 1647 3455 est
1702 3407 1991 3457 oratorum
2049 3400 2134 3456 vi-

387 3500 549 3572 tium,
598 3501 703 3560 sed
749 3498 1067 3562 hominum.
1149 3500 1307 3559 Nam
1357 3504 1418 3558 et
1462 3499 1718 3559 Caivum
1765 3504 1826 3559 et
1855 3497 2134 3560 Asinium
