2532 4164
982 433 1438 484 msmomovs.
1913 417 2009 485 75

473 603 633 642 mana
652 587 918 642 donantur
938 590 964 639 1
993 584 1069 639 H.
1098 590 1185 639 78.
1212 601 1246 638 a
1288 585 1547 655 Sequanis
1571 585 1862 641 funduntur
1885 593 1918 641 4
1940 588 2017 642 Η.

473 678 561 728 67.
601 691 697 744 pro
735 673 994 743 Verginio
1018 678 1220 727 contra·
1254 673 1538 727 Vindicem
1565 680 1713 727 stant
1754 679 1785 725 4
1811 674 1885 726 Η.
1931 679 2017 728 69.

477 761 745 814 Romanos
771 759 1008 829 adgressi
1237 809 1243 814 .
1789 760 1921 813 ΦΒ.
1951 766 2015 814 77

404 846 567 899 Linus
586 847 653 897 Ο.
686 849 765 898 12.
803 845 1092 898 Thebanus
1832 850 1914 907 11,
1948 849 2013 899 12

404 934 625 987 Literae
650 950 683 986 a
730 934 924 1001 quibus
966 934 1222 985 inventae
1266 934 1348 990 11,
1389 935 1471 983 14.
1497 930 1806 999 Aegyptiae
1848 935 1900 993 2,
1928 935 2014 986 60.

472 1020 715 1073 Graecae
741 1021 794 1071 in
836 1019 1160 1071 Germaniae
1186 1018 1377 1070 finibus
1406 1017 1474 1069 G.
1500 1021 1552 1070 3.
1590 1034 1761 1072 novae
1786 1036 1820 1071 a
1857 1018 2017 1071 Clau-

472 1107 564 1159 dio
588 1107 806 1161 additae
835 1110 1021 1167 11,13.
1062 1105 1416 1159 Sacerdotum
1446 1104 1646 1157 ludaic.
1789 1109 1823 1156 5
1842 1105 1915 1157 Η.
1953 1109 2017 1157 13

404 1192 681 1246 Livineius
724 1194 958 1263 Regulus
983 1192 1164 1246 Pisoni
1205 1197 1463 1260 patronus
1490 1195 1539 1254 3,
1572 1196 1652 1244 11.
1690 1192 2014 1261 gladiatores

473 1279 592 1332 edit
1832 1284 1911 1340 14,
1944 1284 2005 1332 17

404 1364 559 1418 Livia
585 1366 815 1434 Augusti
843 1381 978 1419 uxor
1005 1369 1051 1423 1,
1079 1368 1130 1417 3.
1157 1364 1310 1418 dolus
1336 1365 1451 1418 eius
1486 1367 1540 1416 in
1579 1366 1806 1434 Augusti
1850 1382 2015 1434 nepo-

471 1458 558 1505 tes
585 1453 716 1506 ibid.
788 1454 1020 1521 Augusti
1057 1456 1290 1505 mortem
1315 1454 1464 1505 celat
1491 1457 1537 1512 1,
1577 1455 1627 1503 5.
1670 1456 1722 1503 in
1749 1453 2011 1506 familiam

475 1538 670 1591 Iuliam
696 1538 998 1591 adsumitur
1026 1543 1070 1598 1,
1109 1541 1160 1590 8.
1234 1538 1592 1605 Reipublicae
1635 1539 1811 1606 gravis
1854 1544 1899 1600 1,
1931 1543 2011 1590 m.

470 1625 712 1679 adulatio
739 1625 966 1679 Senatus
993 1627 1046 1679 in
1072 1641 1194 1677 eam
1234 1629 1281 1684 1,
1312 1629 1395 1677 14.
1467 1625 1800 1694 Agrippinae
1841 1625 2011 1678 infen-

470 1726 530 1763 sa
557 1717 603 1771 1,
630 1715 716 1763 33.
743 1714 794 1771 2,
842 1714 928 1763 43.
967 1716 1019 1770 4,
1061 1714 1143 1762 12.
1216 1711 1496 1780 Augustae
1530 1727 1724 1763 nomen
1764 1711 2014 1778 adipisci-

473 1799 580 1852 tur,
619 1799 661 1855 1,
687 1798 740 1846 8.
816 1795 1161 1862 Vrgulaniam
1186 1798 1423 1847 maxime
1447 1795 1626 1865 diligit
1648 1799 1701 1856 2,
1728 1801 1812 1849 34.
1847 1801 1895 1857 4,
1921 1798 2009 1848 22.

471 1880 784 1933 Plancinam
831 1883 1071 1948 protegit
1097 1885 1149 1940 3,
1201 1882 1281 1932 15.
1331 1885 1409 1933 17.
1449 1898 1629 1934 comes
1678 1883 1920 1950 Augusto
1950 1885 2005 1934 in

419 1998 446 2036 -‚
471 1967 762 2035 provinciis
803 1969 855 2027 3,
897 1970 983 2018 34.
1026 1965 1283 2018 valetudo
1325 1969 1441 2018 eius
1485 1974 1639 2019 atrox
1678 1970 1730 2019 3.
1774 1971 1858 2018 64.
1904 1968 2011 2019 effi-

470 2052 616 2121 giem
645 2053 882 2120 Augusto
906 2050 1054 2103 dicat
1087 2049 1217 2103 ibid'.
1246 2054 1383 2104 vota
1419 2067 1515 2119 pro
1539 2052 1654 2106 eius
1692 2050 2001 2106 valetudine

471 2141 522 2197 3,
554 2141 638 2189 71.
664 2142 917 2189 extrema
957 2139 1071 2188 eius
1106 2142 1330 2188 senecta
1365 2141 1414 2195 4.
1457 2141 1507 2188 8.
1546 2138 1700 2190 sedes
1722 2139 1837 2189 eius
1864 2139 2009 2190 inter

471 2221 725 2273 Vestales
753 2224 806 2273 in
834 2223 1048 2273 theatro
1074 2226 1123 2282 4,
1171 2225 1251 2273 16.
1289 2221 1574 2274 delubrum
1614 2223 1666 2274 ei
1691 2223 1760 2274 ab
1778 2223 1911 2274 Asia
1948 2228 2011 2276 et

473 2307 740 2376 Hispania
773 2309 1030 2368 dicatum,
1056 2313 1107 2368 4,
1148 2311 1238 2361 37.
1265 2309 1381 2361 eius
1422 2312 1475 2361 in
1527 2309 1810 2362 Tiberium
1841 2309 2007 2360 filium

474 2397 841 2462 exprobratio,
888 2399 936 2453 4,
987 2396 1071 2446 57.
1112 2392 1304 2447 Iuliam
1347 2398 1574 2462 neptem
1615 2396 1858 2447 exsulem
1898 2410 2009 2447 sus·

469 2482 670 2540 tentat,
699 2485 748 2540 4,
777 2484 861 2532 71.
887 2482 1115 2532 moritur
1139 2482 1189 2541 5,
1220 2485 1268 2531 1.
1296 2481 1410 2532 eius
1432 2481 1547 2533 vita
1571 2485 1630 2532 et
1655 2495 1829 2533 mores
1870 2479 2003 2532 ibid.

399 2565 557 2621 Livia
579 2567 737 2620 Drusi
762 2583 894 2620 uxor
915 2569 967 2627 2,
994 2570 1078 2619 43.
1097 2582 1244 2621 soror
1261 2567 1570 2619 Germanici
1596 2569 1646 2628 2,
1672 2569 1759 2618 84.
1795 2566 2006 2619 adulte·

470 2662 621 2707 ratur
646 2670 679 2705 a
718 2654 910 2707 Seiano
951 2659 1000 2715 4,
1027 2658 1079 2707 3.
1104 2658 1410 2717 sententiae
1449 2657 1505 2708 in
1547 2656 1663 2708 eius
1704 2653 1902 2723 effigies
1941 2657 2005 2707 et

473 2739 789 2791 memoriam
814 2745 1024 2792 atroces
1885 2742 1937 2802 6,
1962 2742 2000 2793 2

406 2822 564 2874 Livia
587 2822 792 2874 familia
1853 2828 1903 2888 6,
1933 2830 1997 2878 51

400 2907 678 2961 Livineius
704 2907 937 2976 Regulus
1605 2915 1656 2973 3,
1687 2917 1768 2964 11.
1813 2918 1891 2973 14,
1933 2917 1995 2965 17

406 2995 591 3048 Livius
615 2997 902 3049 historicus
1621 3004 1671 3060 4,
1697 3002 1783 3051 34.
1821 2999 1892 3049 A.
1936 3002 2000 3050 10

405 3079 470 3131 C.
500 3080 682 3134 Livius
1854 3086 1905 3144 2,
1931 3087 2002 3135 30

408 3164 642 3218 Locusta
664 3169 861 3221 mulier
884 3168 1125 3222 venefica
1589 3173 1671 3230 12,
1699 3172 1782 3221 66.
1830 3172 1915 3226 13,
1942 3172 2007 3221 15

417 3251 591 3306 Lollia
629 3253 874 3307 Paullina
911 3255 1122 3309 Claudii
1163 3255 1467 3324 coniugium
1506 3257 1682 3309 ambit
1725 3258 1808 3316 12,
1851 3259 1895 3306 1.
1935 3255 2002 3308 ad
