2532 4164
453 352 550 420 26
887 372 1182 419 s‘rnMMA
1236 370 1626 419 casarum

447 601 452 606 ⁴
526 523 583 576 N
586 539 694 576 1:120
718 522 960 584 Casan.
988 523 1299 577 Germanici
1325 529 1386 576 et
1423 523 1754 593 Agrippinae
1780 520 1938 585 filiun,
1963 521 2059 575 Ju-

454 613 564 664 liae
598 612 848 663 maritus·
921 609 1004 662 De
1031 612 1123 662 illo
1150 610 1287 662 infra
1310 625 1456 662 num.
1482 611 1570 661 82.

526 789 609 839 75.
649 786 967 838 Ronanus
1005 785 1288 844 Emmaus,
1325 801 1446 844 avo,
1487 783 1734 844 Tiburte,
1763 787 1823 836 et
1865 786 2053 853 equite

454 874 713 933 Romano,
739 875 969 941 genitus,
996 875 1140 926 alter
1163 873 1342 924 Juliae
1367 874 1609 930 maritus,
1635 886 1795 940 quam
1834 884 2055 923 uxorem

455 959 682 1011 duxerat
707 973 844 1011 anno
876 959 941 1010 U.
966 959 1028 1012 C.
1057 972 1390 1011 nccnxxxvr.
1426 957 1609 1009 Tacit.
1644 957 1838 1009 Annal.
1867 971 1943 1016 vr,
1967 959 2054 1008 27.

453 1047 561 1101 Dio
585 1063 749 1100 nvm.
776 1063 895 1116 pag.
929 1050 1050 1100 634.

529 1221 614 1271 76.
670 1218 987 1271 Romamne
1025 1217 1299 1276 Pam-rus,
1339 1216 1577 1268 Rubellii
1625 1214 1826 1266 Blandi
1857 1217 1918 1268 et
1965 1214 2061 1267 Ju-

460 1305 566 1357 liae
613 1304 769 1363 filius,
825 1303 1036 1356 Tiberii
1093 1318 1372 1371 pronepos,
1420 1305 1492 1354 ob
1541 1307 1669 1353 vota
1715 1300 1917 1368 populi,
1967 1303 2059 1370 qui

459 1392 613 1443 illum
649 1391 878 1457 imperio
916 1390 1242 1449 destinabat,
1270 1407 1304 1441 a
1340 1389 1560 1441 Nerone
1608 1388 1929 1440 interfectus
1968 1403 2063 1439 an-

461 1491 530 1530 no
579 1475 651 1528 U.
699 1475 763 1528 C.
812 1490 1041 1528 ncccxv.
1096 1473 1278 1528 Tacit.
1314 1476 1512 1527 Annal.
1551 1488 1678 1536 xm,
1720 1476 1801 1527 19.
1839 1488 1956 1536 x1v,
1990 1475 2064 1525 22

461 1567 522 1617 et
547 1566 631 1616 58.

533 1728 617 1789 77.
658 1736 938 1797 Auris-ru
990 1735 1302 1797 Pontum,
1358 1735 1514 1789 Lucii
1561 1736 1789 1789 Antistii
1843 1735 2063 1788 Veteris

462 1822 587 1883 iilia,
618 1825 840 1875 Sextiae
865 1826 1062 1890 nepti&
1090 1840 1223 1877 uxor
1249 1825 1487 1876 Rubellii
1507 1822 1707 1875 Plauti.
1771 1822 1818 1874 A
1847 1822 2064 1874 Nerone

464 1923 587 1961 cum
615 1914 771 1974 patre
796 1924 861 1960 ac
896 1912 1073 1961 matre
1099 1909 1390 1962 interfecta
1412 1925 1550 1961 anuo
1576 1907 1648 1960 U.
1672 1907 1736 1958 C.
1762 1923 2064 1968 ncccxvm,

466 1995 623 2064 quod,
650 1994 777 2048 dum
801 1996 1033 2054 viveret.
1062 1997 1391 2055 Rubellium.
1419 1998 1673 2049 maritum
1699 2011 1870 2055 suum,
1899 1997 2067 2048 inter-

466 2082 671 2136 fectum
721 2100 840 2136 esse
887 2086 1214 2151 exprobrare
1270 2085 1564 2138 videretur.
1625 2084 1807 2136 Tacit.
1868 2084 2066 2137 Annal.

466 2183 585 2231 τιν,
610 2172 696 2221 58.
723 2184 840 2230 xvi,
872 2175 936 2221 10
957 2176 1020 2223 et
1049 2175 1129 2223 ll.

534 2341 723 2407 Juma,
771 2343 994 2411 Augusti
1022 2348 1080 2395 et
1124 2343 1437 2395 Scriboniae
1473 2342 1599 2403 fllia,
1639 2341 1864 2396 Tiberio
1901 2342 2072 2411 impe-

469 2430 637 2480 ratori
663 2435 831 2495 nupta
854 2443 991 2481 anno
1031 2427 1102 2479 U.
1127 2428 1189 2481 C.
1238 2444 1483 2481 nccxnn.
1518 2428 1624 2483 Dio
1657 2444 1775 2481 mv.
1801 2444 1923 2497 pag.
1949 2431 2069 2480 543.

472 2509 555 2564 De
582 2514 676 2565 illa
699 2512 906 2565 dictum
932 2529 1094 2582 supra
1118 2529 1264 2566 num.
1292 2516 1377 2566 46.
1468 2549 1469 2552 =

444 2715 460 2728 .
545 2686 628 2735 78.
669 2682 739 2733 Ν.
779 2683 986 2736 Tiberii
1030 2684 1379 2752 Imperatoris
1418 2690 1479 2738 et
1518 2686 1697 2740 Juliae
1719 2686 1874 2747 filim,
1915 2690 2073 2740 natus

478 2767 781 2835 Aquileiae.
824 2768 1133 2821 Exstinctus
1169 2777 1256 2822 est
1280 2771 1451 2824 adhuc
1487 2773 1656 2825 infans
1694 2776 1839 2826 cirea
1876 2788 2073 2825 anuum

483 2852 555 2906 U.
578 2854 641 2906 C.
667 2870 968 2922 nccxnvui.
1008 2856 1231 2910 Suetou.
1269 2860 1324 2911 iu
1349 2858 1535 2914 Tiber.
1563 2876 1667 2912 vn.
1702 2859 1808 2913 Dio
1831 2876 1924 2913 nv.
1949 2875 2070 2929 pag.

480 2943 598 2994 554.

551 3118 635 3168 79.
675 3115 839 3169 Nune
875 3117 1157 3171 anmus
1194 3118 1423 3180 nicusus,
1459 3120 1670 3173 Tiberii
1710 3119 1921 3173 Claudii
1965 3118 2076 3173 Ne·

480 3206 620 3256 roais
645 3210 706 3257 et
746 3207 928 3258 Liviae
952 3206 1107 3267 filius,
1145 3207 1356 3264 Tiberii
1399 3211 1740 3277 imperatoris
1779 3209 1951 3261 frater
1986 3223 2075 3259 ua·

480 3293 567 3344 tus
591 3306 728 3346 anno
776 3292 844 3346 U.
891 3293 953 3347 C.
1001 3309 1222 3348 nccxvr.
1293 3295 1619 3360 Adolescens,
1669 3302 1817 3351 teste
1864 3295 2077 3349 Vellei·
