2532 4164
957 333 975 350 ·
1036 264 1195 312 cAP.
1247 245 1367 311 23.
1421 244 1541 310 24.
2024 231 2162 310 137

423 419 630 477 sortem
670 420 734 475 et
773 418 991 477 laetum
1032 423 1093 477 et
1145 423 1401 477 alacrem
1450 420 1607 477 volo.
1649 435 1827 492 prope
1881 420 2046 477 abest
2093 421 2168 478 ab

422 518 783 587 infirmitate,
818 519 881 576 in
929 537 1042 592 quo
1090 522 1216 577 sola
1260 521 1481 590 sanitas
1535 521 1817 578 landatur.
1901 520 2028 576 Vos
2072 537 2170 577 ve·

426 633 512 686 ιο,
567 619 953 686 disertissimi,
1023 624 1083 677 ut
1153 621 1412 693 potestis,
1468 627 1531 678 ut
1583 620 1798 686 facitis,
1864 620 2199 678 inlustrate·

422 721 724 777 saeculum
750 724 1009 776 nostrum
1053 722 1401 793 pulcerrimo
1426 738 1640 795 genere
1669 720 1928 777 dicendi.
2013 721 2168 777 Nam

424 824 488 876 et
514 825 591 885 te,
627 818 900 887 Messala,
929 820 1106 902 video
1152 820 1472 877 laetissima
1515 838 1775 895 quaeque
1803 820 2169 895 antiquorum

426 914 793 973 imitantem:
837 919 899 972 et
954 933 1079 983 vos,
1131 916 1400 973 Materne
1448 933 1520 972 ac
1577 917 1868 983 Secunde,
1909 916 1992 972 ita
2046 932 2169 989 gra·

429 1016 617 1073 vitate
667 1033 939 1073 sensnum
966 1017 1214 1073 nitorem
1243 1023 1304 1073 et
1342 1020 1564 1074 cultum
1618 1019 1921 1074 verborum
1963 1017 2170 1074 misce·

430 1115 525 1183 tis,
573 1133 645 1172 ea
687 1115 905 1172 electio
970 1116 1353 1182 inventionis,
1397 1116 1448 1173 is
1486 1118 1628 1173 ordo
1677 1134 1861 1173 rerum
1891 1122 1968 1184 et,
2036 1134 2170 1191 quo-

433 1214 589 1273 tiens
636 1232 842 1271 caussa
910 1217 1116 1288 poscit,
1173 1218 1423 1283 ubertas,
1489 1234 1581 1282 ea,
1633 1218 1899 1288 quotiens
1941 1215 2171 1288 permit·-

426 1315 588 1379 titur,
643 1316 917 1380 brevitas,
972 1317 1022 1370 is
1078 1315 1518 1387 compositionis
1573 1317 1766 1384 decor,
1829 1334 1897 1372 ea
1940 1322 2172 1371 senten-

427 1414 636 1472 tiarum
692 1415 958 1486 plenitas,
1003 1416 1089 1471 sic
1145 1415 1472 1485 exprimitis
1530 1415 1806 1480 adfectus,
1862 1416 1949 1472 sic
2007 1416 2171 1472 liber·-

426 1518 609 1572 tatem
639 1514 993 1587 temperatis,
1023 1522 1083 1570 ut
1122 1516 1321 1578 etiam„
1348 1517 1399 1572 si
1430 1522 1622 1572 nostra
1662 1515 1880 1572 iudicia
1910 1515 2172 1587 maligni-

425 1618 517 1671 tas
545 1623 605 1671 et
631 1615 857 1671 invidia
887 1614 1223 1681 tardaverit,
1253 1632 1456 1672 verum
1499 1617 1574 1672 de
1606 1616 1774 1673 vobis
1801 1617 2012 1673 dicturi
2051 1616 2171 1673 sint

425 1715 642 1788 posteri
673 1715 873 1772 nostri.

538 1814 704 1887 Quae
757 1827 891 1871 cum
953 1815 1115 1888 Aper
1165 1815 1432 1878 dixisset,
1493 1816 1928 1889 Agnoscitisne‚
1981 1804 2276 1890 inquit24

428 1911 750 1981 Maternus,
806 1915 930 1971 vim
983 1922 1043 1971 et
1098 1916 1333 1972 adorem
1396 1916 1539 1987 Apri
1598 1914 1829 1972 nostri?
1887 1934 2002 1988 quo
2056 1923 2172 1973 tor-

425 2024 614 2084 rente,
654 2033 767 2091 quo
794 2015 993 2088 inpetu
1023 2018 1318 2072 saeculum
1348 2023 1603 2074 nostrum
1651 2015 1914 2072 defendit
1943 2020 1958 2071 1
1999 2023 2171 2088 quam

423 2116 664 2190 copiose
719 2132 790 2173 ac
831 2117 994 2171 varie
1034 2116 1282 2172 vexavit
1325 2115 1623 2189 antiquos!
1668 2122 1885 2190 quanto
1926 2133 2042 2172 non
2084 2133 2172 2172 so-

339 2217 350 2229 '
425 2215 545 2274 lum
574 2215 813 2289 ingenio
862 2232 933 2271 ac
962 2214 1184 2287 spiritu,
1228 2216 1332 2272 sed
1381 2214 1560 2271 etiam
1608 2215 1936 2272 eruditione
1979 2222 2038 2273 et
2087 2233 2172 2271 ar-

423 2321 506 2383 te,
562 2318 635 2372 ab
684 2317 826 2388 ipsis
881 2322 1169 2372 mutuatus
1223 2322 1331 2383 est,
1375 2333 1475 2388 per
1513 2332 1660 2390 quae
1718 2333 1854 2373 mox
1904 2315 2057 2387 ipsos
2086 2316 2173 2372 in·

425 2419 718 2473 cesset-et!
759 2415 956 2472 Tuum
987 2421 1179 2471 tamen
1204 2415 1462 2472 Messala
1491 2416 1830 2487 promissum
1853 2416 2170 2472 inmutasse

422 2531 543 2572 non
589 2517 786 2570 debes.
832 2533 1018 2588 neque
1067 2515 1228 2571 enim
1268 2515 1600 2571 defensores
1645 2515 2005 2588 antiquorum
2048 2514 2173 2571 exi·

426 2614 632 2686 girum,
703 2631 813 2671 nec
882 2631 1225 2688 quemquam
1294 2619 1567 2681 nostrum,
1608 2632 1951 2689 quamquam
1996 2616 2171 2671 modo

426 2714 648 2772 laudati
688 2731 901 2780 sumus,
957 2715 1069 2779 his,
1128 2732 1266 2788 quos
1301 2714 1618 2772 insectatus
1663 2720 1749 2770 est
1784 2718 1965 2787 Aper,
2016 2731 2171 2771 com·

426 2830 713 2888 paramus.
757 2831 827 2870 ac
885 2832 960 2871 ne
1016 2814 1140 2887 ipse
1196 2815 1428 2887 quidem
1485 2815 1566 2871 ita
1606 2816 1803 2877 sentit,
1850 2817 1952 2871 sed
2011 2832 2170 2872 more

424 2913 632 2980 veteri,
673 2922 734 2971 et
774 2914 918 2971 alias
966 2916 1176 2970 vestris
1221 2914 1578 2985 philosophis
1629 2932 1804 2987 saepe
1853 2917 2170 2980 celebrate,

425 3015 669 3085 sumpsit
696 3014 809 3071 sibi
856 3013 1298 3071 contradicendi
1346 3021 1555 3086 partes.
1636 2992 1931 3115 Eyfii‘gffie
1982 3013 2169 3081 nobis,

425 3131 546 3172 non
580 3114 969 3171 laudationem
1018 3114 1418 3188 antiquorum:
1460 3114 1601 3170 satis
1631 3116 1786 3171 enim
1835 3114 1967 3170 illos
2016 3113 2168 3169 fama

423 3230 528 3270 sua
555 3214 790 3283 laudat
833 3217 933 3270 sed
985 3231 1238 3279 caussas,
1284 3216 1475 3271 curin
1505 3220 1732 3270 tantum
1777 3215 1851 3269 ab
1898 3215 2168 3286 eloquen-

424 3312 507 3369 tia
551 3330 748 3369 eorum
792 3314 1230 3377 recesserimus:
1272 3332 1406 3371 cum
1457 3314 1793 3386 praesertim
1843 3314 2077 3369 centum
2106 3316 2168 3369 et

423 3411 637 3484 viginti
671 3429 856 3469 annos
903 3415 976 3469 ab
1005 3413 1243 3471 interitu
1274 3413 1581 3471 Ciceronis
1609 3413 1672 3472 in
1699 3414 1855 3471 hunc
1881 3413 2040 3471 diem
2088 3412 2169 3469 ef-

420 3510 520 3569 fici
550 3514 698 3569 ratio
729 3518 1050 3588 temporum
1080 3513 1406 3588 collegerit.

509 3628 651 3670 vola.
693 3630 792 3669 m.
1324 3614 1393 3669 12
1421 3609 1458 3645 ὓ
