2532 4164
452 287 595 355 128
793 304 887 353 m:
942 299 1399 351 onnoamvs
1449 288 1805 349 nunoavs

444 479 657 535 nempe
684 466 743 518 et
774 460 965 520 Pansa
992 475 1173 524 coss„
1201 461 1263 514 nt
1309 455 1460 513 Tiro
1485 455 1724 512 libertus
1751 456 1876 512 eius
1924 454 2176 528 scripsit,

444 561 691 634 septima
724 561 860 617 Idus
891 556 1239 616 Decembris
1266 555 1498 612 occisus
1555 560 1663 621 est,
1717 572 1831 629 quo
1884 570 2042 611 anno
2097 554 2175 610 D.

447 663 745 733 Augustus
773 658 836 714 in
864 660 1056 714 locum
1087 655 1314 711 Pansae
1342 661 1404 711 et
1434 652 1612 711 Hirtii
1639 671 1702 711 se
1724 659 1785 710 et
1814 654 1886 724 Q.
1932 652 2178 710 Pedium

447 777 601 818 coss.
644 756 888 822 suffecit.
939 760 1128 812 statue
1156 771 1262 811 sex
1291 758 1352 809 et
1390 751 1805 825 quinquaginta
1832 768 2034 819 annos,
2060 749 2183 824 qui·

443 862 550 918 bus
581 874 715 914 mox
745 855 939 912 Divus
968 854 1259 925 Augustus
1292 851 1734 923 Rempublicam
1763 850 1944 919 rexit3
1987 849 2178 907 adiice

446 955 680 1017 Tiberii
704 961 817 1011 tres
838 957 900 1009 et
918 951 1147 1025 viginti,
1170 955 1231 1007 et
1253 967 1428 1023 prope
1457 948 1896 1022 quadriennium
1927 948 2078 1016 Caii,
2106 964 2178 1005 ac

444 1058 535 1117 bis
562 1047 870 1132 quaternos
897 1054 1078 1109 denos
1109 1048 1347 1109 Claudii
1373 1052 1435 1105 et
1482 1048 1733 1105 Neronis
1757 1065 1962 1114 annos,
2005 1051 2178 1121 atque

443 1161 634 1236 ipsum
657 1156 883 1214 Galbae
913 1158 972 1208 et
1002 1149 1251 1208 Othonis
1280 1153 1340 1205 et
1368 1146 1607 1204 Vitellii
1634 1165 1810 1205 unum
1832 1163 2068 1213 annum,
2109 1161 2182 1202 ac

445 1264 677 1319 sextam
701 1255 818 1312 iam
846 1250 1035 1309 felicis
1063 1250 1231 1306 buius
1279 1246 1648 1320 Principatus
1697 1245 2026 1311 stationem,
2068 1260 2181 1318 qua

445 1355 846 1431 Vespasianus
870 1348 1315 1421 Rempublicam
1361 1347 1541 1412 fovet,
1581 1351 1820 1402 centum
1862 1352 1922 1400 et
1965 1342 2179 1416 viginti

446 1458 589 1516 anni
618 1457 691 1512 ab
716 1452 955 1511 interitu
985 1446 1291 1508 Ciceronis
1320 1445 1379 1502 in
1410 1446 1566 1501 bunc
1594 1443 1750 1500 diem
1788 1443 2179 1515 conliguntur,

446 1557 617 1614 unius
659 1551 909 1610 bominis
950 1553 1128 1605 aetas.
1212 1545 1371 1601 Nam
1415 1543 1541 1617 ipse
1589 1559 1701 1615 ego
1747 1541 1809 1598 in
1869 1540 2180 1597 Britannia

448 1655 575 1713 vidi
601 1668 821 1715 senem,
847 1648 947 1722 qui
990 1664 1055 1703 se
1099 1645 1375 1712 fateretur
1422 1641 1518 1698 ‘ei
1566 1658 1794 1715 pugnae
1835 1639 2182 1707 interfuisse,

448 1760 600 1829 ‘qua
656 1752 987 1814 Caesarem,
1031 1744 1377 1802 inferentem
1425 1757 1583 1798 arma
1626 1738 1944 1804 Britannis,
1984 1754 2183 1795 arcere

447 1852 746 1912 ‘litoribus
774 1852 833 1905 et
862 1848 1077 1920 pellere
1107 1842 1364 1917 adgressi
1407 1839 1579 1898 sunt-⁹
1661 1841 1751 1896 lta
1795 1839 1847 1895 si
1876 1855 2043 1904 eum,
2080 1836 2184 1911 qui

448 1957 697 2011 armatus
728 1947 797 2006 C.
829 1944 1070 2004 Caesari
1099 1942 1330 2007 restitit,
1363 1943 1459 1997 vel
1488 1938 1822 2011 captivitas,
1853 1940 1950 1994 vel
1980 1939 2184 1994 volun-

449 2058 556 2119 tas,
606 2050 704 2107 vel
732 2046 912 2104 fatum
960 2041 1191 2117 aliquod
1234 2039 1298 2098 in
1343 2040 1540 2096 urbem
1593 2036 1987 2111 pertraxisset,
2027 2036 2184 2094 idem

450 2151 763 2210 Caesarem
792 2146 979 2217 ipsum
1009 2149 1070 2198 et
1113 2139 1465 2198 Ciceronem
1492 2137 1689 2194 audire
1720 2136 1923 2209 potuit,
1951 2140 2013 2192 et
2054 2153 2184 2192 nos·

448 2249 551 2308 tris
599 2262 821 2322 quoque
870 2241 1197 2299 actionibus
1241 2238 1545 2295 interesse.
1630 2236 1908 2292 Proximo
1948 2234 2182 2308 quidem

447 2346 747 2420 congiario
774 2343 885 2414 ipsi
916 2339 1144 2397 vidistis
1201 2339 1503 2410 plerosque
1546 2352 1736 2401 senes,
1775 2333 1889 2408 qui,
1919 2351 1982 2390 se
2023 2349 2058 2390 a
2100 2333 2183 2400 D,

450 2463 672 2522 quoque
701 2424 964 2514 Augusi'o
985 2438 1164 2494 semel
1197 2441 1370 2510 atque
1399 2435 1606 2492 iterum
1631 2433 1929 2506 accepisse
1952 2430 2187 2505 congia-

445 2545 611 2611 rium,
639 2542 967 2600 narrabant.
1009 2555 1085 2594 ex
1115 2552 1228 2609 quo
1254 2533 1474 2608 conligi
1506 2537 1712 2606 potest,
1754 2540 1813 2588 et
1858 2530 2181 2588 Corvinum

446 2646 520 2703 ab
548 2643 664 2700 illis
692 2632 760 2699 et·
784 2637 1057 2699 Asinium
1105 2634 1291 2693 audiri
1321 2633 1590 2709 potuisse.
1676 2633 1832 2690 Nam
1886 2630 2183 2690 Corvinus

505 2816 709 2879 Sufficit]
773 2813 1022 2884 Interfectis
1040 2811 1292 2882 consulibus
1321 2782 1466 2857 Pansa
1494 2815 1543 2856 et
1573 2808 1742 2865 Hirtio,
1771 2807 1942 2855 suffecti
1960 2810 2062 2853 sunt
2082 2820 2185 2852 con·-

447 2879 562 2928 sules
582 2879 749 2924 Caesar
767 2876 996 2928 Octavius,
1017 2873 1159 2918 dictus
1178 2875 1337 2932 postea
1358 2874 1600 2929 Augustus,
1620 2873 1668 2914 et
1687 2869 1746 2918 Q.
1772 2866 1944 2913 Pedius.

506 2958 757 3005 Garumna!
786 2953 952 3011 viginti
980 2950 1109 3009 anni]
1175 2949 1390 3003 Rotunde
1418 2947 1600 2994 dictum.
1664 2947 1787 2994 Nam
1816 2945 1935 2991 inter
1955 2942 2189 2990 Ciceronis

445 3023 634 3066 mortem
655 3021 702 3060 et
722 3010 981 3074 Vespasiani
1003 3024 1164 3056 annum
1185 3014 1354 3054 sextum
1376 3013 1477 3054 sunt
1495 3012 1669 3053 tantum
1690 3005 1795 3051 anni
1822 3007 1915 3052 117.

504 3095 603 3152 Ipse
620 3109 694 3152 ego
711 3093 763 3139 in
784 3088 1048 3150 Britannia]
1113 3088 1187 3133 Ex
1209 3087 1297 3133 hoc
1326 3087 1429 3133 loco
1448 3086 1628 3132 coniicit
1659 3084 1851 3131 Schulze
1871 3083 1916 3129 in
1970 3083 2181 3139 rolegom.

446 3170 491 3217 p.
515 3157 585 3201 38.
608 3163 654 3198 et
684 3167 782 3197 cum
813 3165 869 3195 eo
899 3149 1012 3195 Lud.
1036 3147 1094 3194 G.
1115 3147 1281 3192 Creme
1311 3145 1353 3192 in
1386 3160 1651 3207 programm,
1685 3143 1742 3188 de
1775 3098 1985 3200 Legendb
2005 3141 2186 3199 dialogo

446 3217 505 3261 de
535 3211 798 3260 Oratoribus
828 3213 870 3255 4.
919 3207 1090 3254 Luneb.
1131 3209 1253 3261 1790,
1296 3211 1464 3264 Aprum
1495 3204 1628 3255 fnisse
1666 3202 1942 3251 Britannum.
1987 3201 2104 3261 quod
2136 3204 2186 3245 et

446 3271 612 3320 firmari
640 3276 799 3332 putant
813 3283 867 3314 ex
895 3282 934 3313 c.
957 3273 999 3314 7.
1033 3280 1122 3326 quo
1137 3279 1184 3311 se
1212 3267 1259 3309 in
1278 3263 1331 3309 in
1351 3264 1526 3309 civitate
1554 3260 1999 3318 minimcfavorabili
2025 3263 2186 3305 natum

446 3331 618 3380 scribit.
677 3329 859 3385 Obstat,
889 3326 1006 3387 quod
1034 3340 1074 3373 c.
1101 3327 1168 3372 1⁰.
1189 3324 1358 3370 diserte
1386 3322 1513 3379 dicit,
1543 3337 1599 3368 ne
1627 3321 1739 3380 quid
1766 3320 1820 3366 de
1848 3319 1995 3365 Gallis
2024 3317 2189 3363 nostris

445 3394 694 3452 loquamur.

450 3467 767 3576 Btcgmgiario]
830 3462 1169 3525 Congiariorum
1188 3461 1422 3511 historiam
1444 3461 1502 3507 ad
1534 3460 1618 3506 hoc
1641 3459 1789 3508 locum
1808 3455 1984 3517 egregie
2005 3452 2191 3515 exponit

512 3542 539 3576 o
562 3542 691 3575 enus.
