2532 4164
1330 147 1367 186 ς

970 245 976 252 ·
1082 252 1238 300 ομ».
1296 229 1414 299 36.
1888 289 1899 300 .
1985 207 2119 298 ²151

391 425 525 469 cum
549 408 751 467 mixtis
791 408 1077 477 omnibus,
1116 416 1175 467 et
1216 411 1577 468 moderatore
1617 425 1736 466 uno
1776 406 2128 476 carentibus,

389 514 619 567 tantum
657 511 899 584 quisque
939 516 1131 568 orator
1169 514 1419 583 saperet,
1459 516 1734 591 quantum
1785 507 1999 588 erranti
2027 491 2127 580 pb-

390 613 529 684 pulo
594 610 926 683 persuaderi
965 616 1211 684 poterat.
1318 610 1476 667 Hinc
1547 611 1706 683 leges
1747 608 2024 665 adsiduae
2065 610 2127 664 et

387 703 665 785 populare
689 727 919 777 nomen,
961 710 1105 767 hinc
1124 709 1447 767 conciones
1487 708 1952 788 Magistratuurn,
1993 722 2126 778 pae-

391 829 469 869 ne
511 811 983 883 pernoctantium⁴
1016 811 1079 867 in
1121 809 1337 876 rostris,
1404 810 1542 866 binc
1586 795 1988 870 aEeusationes
2030 822 2129 877 po-

393 910 642 967 tentium
673 928 914 974 reorum,
942 916 1002 966 et
1043 909 1385 982 adsignatae
1427 906 1604 965 etiam
1632 908 1898 990 domibus
1937 903 2127 961 inimi·

390 1008 590 1073 cissae,
632 1009 771 1067 hinc
812 1021 1110 1080 procerum
1152 1008 1437 1066 factiones
1491 1013 1551 1065 et
1591 993 1829 1065 adsidua
1876 1007 2130 1062 Senatus
2196 1037 2213 1052 -

271 1113 282 1120 '
390 1114 668 1171 adversus
698 1115 927 1183 plebem
956 1113 1295 1171 certamina.
1337 1130 1483 1187 quae
1511 1112 1756 1183 singula,
1774 1108 1884 1166 etsi
1924 1093 2126 1165 distra-

394 1212 614 1269 hebant
684 1212 1144 1283 Rempublicam‚
1212 1212 1566 1268 exercebant
1630 1215 1829 1272 tamen
1896 1206 2127 1264 illorum

393 1315 712 1385 temporum
741 1310 1152 1385 eloquentiam,
1174 1315 1235 1368 et
1276 1310 1502 1383 magnis
1529 1310 1824 1366 cumulare
1853 1304 2269 1412 praemiis&
2187 1295 2191 1299 ’

392 1410 782 1468 videbantur:
852 1410 988 1486 quia
1027 1416 1244 1484 quanto
1284 1410 1523 1484 quisque
1567 1410 1694 1480 plus
1734 1373 2165 1479 dicenlff‘uf?

396 1515 561 1578 terat,
631 1517 795 1568 tanto
862 1511 1091 1569 facilius
1159 1512 1406 1568 honores
1465 1509 1898 1582 adsequebatur,
1960 1509 2130 1562 tanto

394 1611 596 1684 magis,
637 1610 698 1667 in
768 1610 908 1683 ipsis
951 1611 1282 1676 honoribus,
1350 1611 1608 1682 collegas
1650 1625 1785 1667 suos
1843 1605 2080 1663 anteiba
2120 1643 2312 1716 ὣ

396 1714 559 1767 tanto
601 1711 725 1782 plus
766 1711 918 1783 apud
982 1709 1273 1783 principes
1312 1708 1552 1783 gratiae,
1592 1710 1720 1779 plus
1761 1670 2044 1764 εωῗῆἷηῐιι
2073 1709 2135 1762 ι8”

394 1811 545 1881 apud
588 1809 809 1874 Patres,
850 1811 982 1881 plus
1008 1808 1252 1866 notitiae
1295 1825 1365 1864 ac
1407 1806 1658 1865 nominis
1699 1807 1849 1878 apud
1893 1799 2125 1877 plebem

394 1910 651 1981 parabat.
693 1908 756 1964 hi
782 1909 1080 1965 clientelis
1103 1908 1282 1965 etiam
1323 1913 1650 1964 exterarum
1675 1904 1974 1962 nationum
2001 1904 2124 1961 red·

394 2008 728 2063 undabant:
770 2007 875 2063 hos
924 2007 1066 2064 ituri
1086 2007 1147 2064 in
1182 2006 1517 2080 provincias
1560 2005 1934 2078 Magistratus
1962 2019 2126 2060 reve-

399 2107 687 2173 rebantur,
756 2107 858 2162 hos
907 2107 1124 2165 reversi
1180 2092 1495 2164 colebant:
1539 2107 1645 2162 hos
1698 2110 1758 2161 et
1815 2094 2126 2161 Praeturae

396 2211 460 2264 et
488 2206 838 2263 Consulatus
884 2224 1110 2264 voeare-
1143 2211 1293 2265 ultro
1344 2207 1728 2264 videbantur:
1774 2204 1835 2262 hi
1884 2216 1991 2262 ne'
2018 2202 2127 2277 pri-

396 2308 525 2364 vati
569 2307 801 2382 quidem
845 2307 972 2364 sine
1028 2311 1315 2380 potestate
1344 2314 1540 2376 erant3
1581 2323 1717 2362 cum
1765 2312 1824 2362 et
1854 2298 2128 2377 populum

301 2442 314 2457 -
396 2412 458 2464 et
511 2408 796 2464 Senatum
840 2406 1086 2477 consilio
1142 2410 1201 2463 et
1255 2407 1598 2487 auctoritate
1652 2408 1934 2479 regerent.
1989 2404 2127 2478 quin

396 2507 574 2563 immo
600 2506 713 2563 sibi
741 2507 851 2578 ipsi
903 2511 1321 2581 persuaserant,
1362 2507 1658 2585 qeminem
1705 2505 1831 2563 sine
1859 2507 2128 2578 eloquen-

398 2605 483 2662 tia
536 2612 634 2663 aut
662 2607 901 2681 adsequi
942 2625 1109 2680 posse
1143 2607 1211 2669 in
1262 2605 1526 2673 civitate,
1573 2613 1670 2663 aut
1726 2605 1872 2663 tueri
1901 2602 2128 2676 conspi-

400 2721 568 2762 cuum
598 2709 657 2761 et
697 2705 1062 2763 eminentem·
1111 2708 1318 2763 locum.
1363 2705 1729 2773 neetmirum,
1777 2698 1909 2764 cum
1949 2702 2128 2761 etiam

395 2803 574 2862 inviti
611 2805 706 2861 ad
755 2764 1048 2878 ptfpulum
1082 2807 1570 2878 producerentur
1604 2823 1745 2862 cum·
1793 2821 1990 2876 parum
2044 2819 2130 2859 es-

397 2910 504 2971 set,
558 2904 619 2960 in
680 2905 907 2961 Senatu
957 2905 1213 2961 breviter
1254 2894 1524 3017 cjnsere,
1567 2905 1680 2961 nisi
1725 2902 1849 2978 quis
1891 2901 2135 2976 ingenio

377 3007 458 3075 ,et
500 3004 831 3077 eloquentia
883 3004 1176 3061 sententia
1262 2970 1793 3060 .8υ8ωῚῖιὲτεῑυτ.
1854 3018 2007 3065 eum,
2068 3001 2130 3057 in

257 3160 284 3181 ,
375 3101 651 3175 'aliquam
693 3103 979 3159 invidiam
1023 3107 1122 3160 aut
1164 3103 1387 3160 crimen
1414 3102 1654 3171 vocati,
1675 3119 1777 3158 sua
1826 3118 1976 3156 voce
2020 3116 2131 3155 res-

381 3201 769 3277 pondendum
837 3203 1138 3270 haberent,
1201 3219 1337 3261 cum
1394 3201 1727 3260 testimonia
1780 3196 2021 3275 quoque'
2065 3198 2130 3255 in

396 3299 631 3357 iudiciis
686 3317 804 3358 non
855 3302 1143 3368 absentes,
1189 3319 1301 3360 nec
1353 3320 1463 3375 per
1501 3302 1779 3358 tabellam
1824 3301 1981 3364 dare,
2027 3298 2130 3354 sed

400 3415 595 3456 coram
643 3404 702 3456 et
759 3407 1091 3472 praesentes
1146 3401 1345 3458 dicere
1397 3404 1758 3474 cogerentur.
1883 3399 1993 3463 Ita,
2056 3398 2132 3454 ad

399 3515 622 3557 summa
650 3498 1018 3576 eloquentiae
1044 3502 1321 3578 praemia,
1361 3516 1572 3579 magna
1597 3499 1780 3557 etiam
1812 3495 2141 3557 necessitas.
