2532 4164
830 347 836 352 ’
891 347 1046 394 cAr.
1084 328 1199 395 35.
1232 326 1351 394 36.
1809 355 1814 361 ·
1909 327 1992 395 91

265 506 527 563 discursu
556 503 907 575 complebat.
992 503 1148 559 Tum
1195 503 1495 576 Agricola,
1541 507 1849 575 superante
1879 505 2007 560 hos-

268 604 411 662 tium
443 603 831 666 multitudiue,
863 602 1100 667 veritus,
1132 621 1205 658 ne
1236 603 1404 658 simul
1434 602 1494 658 in
1541 603 1803 668 frontem,
1835 605 2008 660 simul

269 710 331 760 et
394 705 574 758 latera
641 719 872 758 auorum
943 710 1307 774 pugnaretur,
1375 701 1626 758 diductis
1693 703 2009 769 ordinibus,

264 817 616 876 quamquam
648 801 964 872 porrectior
993 801 1152 856 acies
1183 800 1366 856 futura
1397 805 1539 867 erat,
1562 808 1627 856 et
1649 799 2011 857 arcessendas

270 902 528 974 plerique
586 899 828 973 legiones
882 893 1291 964 admonebant,
1348 900 1660 971 promptior
1712 900 1772 955 in
1825 918 2009 970 spem,

270 1006 331 1056 et
361 1001 553 1056 firmus
596 999 877 1066 adversis,
916 1000 1156 1055 dimisso
1203 1016 1352 1073 equo
1394 1000 1570 1070 pedes
1617 1007 1754 1056 ante
1788 999 2011 1055 vexilla

273 1099 559 1155 constitit.

358 1198 453 1254 Ac
508 1198 691 1268 primo
747 1213 1061 1268 congressu
1129 1196 1357 1252 eminus
1411 1198 1754 1253 certabatur.
1837 1198 2004 1253 simul
2030 1199 2114 1256 36

231 1282 241 1290 ⁸
276 1297 627 1361 constantia,
703 1297 872 1351 simul
951 1301 1072 1350 arte
1128 1295 1416 1358 Britanni,
1487 1297 1819 1368 ingentibus
1894 1299 2013 1368 gla-

275 1395 389 1452 diis
469 1401 526 1450 et
616 1395 888 1450 brevibus
951 1394 1147 1458 cetris,
1214 1393 1460 1450 missilia
1538 1401 1857 1452 nostrorum
1930 1395 2013 1452 vi·

275 1499 399 1551 tare
444 1496 535 1552 vel
569 1500 865 1556 excutere,
907 1500 1077 1565 atque
1126 1493 1233 1563 ipsi
1291 1510 1558 1565 magnam
1593 1494 1709 1548 vim
1768 1496 2013 1552 telorum

278 1594 728 1665 superfundere:
782 1593 968 1647 donec
1035 1593 1310 1664 Agricola
1368 1598 1480 1649 tres
1522 1594 1876 1649 Batavorum
1919 1612 2014 1650 co-

278 1692 475 1748 hortes
505 1709 575 1746 ac
608 1692 976 1762 Tungrorum
1008 1692 1148 1747 duas
1171 1693 1501 1747 cohortatus
1531 1701 1637 1755 est,
1679 1699 1740 1748 ut,
1782 1711 1898 1749 rem
1943 1694 2016 1749 ad

277 1809 584 1848 mucrones,
608 1809 679 1846 ac
710 1808 911 1845 manus
939 1791 1293 1846 adducerent
1322 1810 1335 1844 ε
1378 1793 1529 1864 quod
1558 1798 1615 1845 et
1642 1792 1799 1861 ipsis,
1826 1801 2016 1848 vetus·

279 1895 398 1947 tate
430 1889 694 1952 militiae,
724 1889 1127 1954 exercitatum,
1157 1895 1216 1943 et
1246 1890 1503 1945 hostibus
1526 1889 1806 1954 inhabile,
1837 1908 2018 1961 parva

278 1996 442 2045 scuta
472 1997 530 2043 et
558 2005 822 2043 enormes
864 1988 1085 2058 gladios
1135 1987 1486 2059 gerentibus.
1534 2006 1667 2043 nam
1711 1989 2017 2045 Britanno-

280 2105 402 2144 rum
433 2087 613 2160 gladii
643 2088 770 2143 sine
802 2103 1074 2144 mucrone
1104 2088 1478 2157 complexum
1513 2102 1813 2150 armorum,
1857 2095 1914 2144 et
1955 2089 2019 2144 in

282 2194 483 2260 aperto
534 2202 800 2258 pugnam,
846 2202 959 2239 nou
1005 2186 1350 2239 tolerabant.
1435 2185 1634 2257 Igitur,
1685 2194 1745 2241 ut
1803 2186 2021 2243 Batavi

286 2287 531 2343 miscere
563 2285 730 2348 ictus,
759 2283 925 2339 ferire
958 2283 1318 2343 umbonibus,
1368 2300 1467 2338 ora
1518 2284 1765 2349 foedare,
1795 2292 1851 2340 et
1882 2292 2020 2342 stra·

283 2386 358 2442 tis
387 2384 483 2457 qui
513 2383 573 2439 iu
606 2400 792 2456 aequo
821 2382 1185 2449 obstiterant,
1223 2382 1446 2454 erigere
1491 2383 1552 2439 in
1598 2386 1781 2439 colles
1831 2385 2021 2442 aciem

283 2501 550 2556 coepere,
618 2489 849 2537 ceterae
906 2481 1190 2546 cohortes,
1262 2483 1650 2537 aemulatione
1707 2489 1765 2539 et
1822 2485 2023 2556 inpetu

280 2659 484 2705 incitatos
505 2671 629 2714 equos
649 2655 881 2708 sustinere,
905 2659 943 2700 et
966 2653 1086 2700 brevi
1106 2654 1345 2708 moderari,
1365 2669 1416 2698 ae
1429 2654 1625 2713 flectere,
1650 2661 1688 2702 et
1715 2673 1796 2713 per
1814 2662 2026 2705 temonem

282 2731 560 2775 percurrere,
582 2721 621 2760 et
641 2716 690 2761 in
710 2714 825 2774 jugo
843 2714 1061 2769 insistere,
1092 2718 1132 2758 et
1159 2714 1268 2760 inde
1286 2728 1329 2759 se
1347 2714 1399 2760 in
1420 2728 1584 2761 currus
1604 2716 1810 2762 citissime
1834 2719 2029 2774 recipere

289 2776 607 2823 consueverint.

296 2855 571 2961 TBret'n'bus
592 2853 734 2913 tetris]
798 2852 981 2910 Ceti-ae,
1013 2857 1138 2898 scuta
1159 2855 1304 2907 erant,
1336 2851 1412 2897 sed
1434 2851 1620 2909 minora,
1651 2868 1703 2901 ac
1724 2857 1864 2902 lorea.
1929 2855 2030 2902 The

340 2930 444 2970 arge
466 2947 478 2959 .

352 2991 667 3052 Tungrorum]
733 2991 932 3037 Plurima
979 2995 1159 3036 manent
1208 2990 1254 3036 in
1308 2990 1535 3037 Britannia
1584 2993 1738 3038 harum
1779 2993 2029 3040 cohortium

292 3078 593 3124 monumenta,
614 3069 657 3114 in
681 3068 834 3127 quibus
865 3083 971 3114 con.
1007 3082 1203 3114 rvaono.
1231 3068 1423 3114 velcon.
1453 3087 1462 3112 ι
1490 3084 1720 3116 rvnonoa.
1745 3085 1846 3116 uit..
1913 3070 2034 3117 vide

292 3130 514 3174 eruditum
536 3128 736 3181 Gordon‚
760 3128 842 3172 loc.
867 3129 943 3172 cit.
969 3128 1148 3173 Tabula
1180 3127 1380 3174 XXXV.
1400 3136 1445 3173 et
1465 3143 1556 3188 seq.

352 3208 430 3252 Ad
461 3221 693 3253 mucrones
724 3221 776 3253 ac
805 3206 986 3266 manus]
1049 3205 1120 3251 Sic
1155 3206 1262 3251 olim
1316 3206 1606 3252 Germanicus
1652 3207 1892 3259 Romanos,
1933 3223 2034 3254 cum

294 3264 529 3312 Germanis
551 3266 861 3326 proclianum,
894 3271 1140 3321 monuerat,
1172 3272 1221 3310 ut
1253 3267 1489 3312 denserent
1508 3265 1634 3321 ictus,
1657 3270 1696 3310 et
1713 3281 1789 3311 ora
1810 3267 2032 3313 mucroni·

294 3326 373 3372 bus
393 3330 668 3383 quaererent,
696 3325 856 3370 Annal.
885 3326 941 3370 ll.
969 3328 1034 3369 14.

345 3403 453 3450 Sine
474 3406 702 3465 mucrone]
767 3403 947 3448 Caesim
979 3418 1137 3464 nempe
1159 3404 1410 3464 pugnabant
1446 3404 1676 3462 Britanni3
1709 3405 1904 3464 punctim
1926 3421 2039 3452 vero

294 3463 503 3518 Romani,
526 3479 611 3523 qua
634 3462 854 3522 pugnandi
882 3463 1055 3506 ratione
1084 3465 1213 3508 citior
1242 3464 1492 3523 certiorque
1523 3479 1637 3508 mors
1659 3464 1793 3508 venit.
1861 3465 1955 3509 llae
1977 3467 2035 3510 <le

295 3537 345 3566 re
368 3524 496 3581 plura
519 3523 654 3567 babet
679 3521 907 3579 Vegetius,
934 3523 962 3565 l.
995 3525 1057 3565 12.
1123 3523 1412 3577 Compleoeum
1433 3529 1580 3567 autem
1601 3537 1830 3568 armorum
1858 3524 2037 3571 Gallice

297 3581 481 3626 ‹liciinus
503 3580 569 3627 La
592 3581 755 3626 melec:
788 3595 885 3625 cum
909 3579 1104 3624 cominus
1136 3589 1180 3621 et
1197 3582 1366 3627 collato
1393 3582 1534 3641 gradu
1567 3583 1706 3628 hostis
1737 3581 1920 3646 petitur.
1945 3584 2035 3629 Sed

298 3639 427 3687 Grut.
453 3640 645 3688 Lailem.
668 3639 792 3687 Brot.
815 3640 868 3686 in
887 3643 1005 3685 arcto
1023 3639 1215 3685 malunt.
