2532 4164
445 275 473 338 l
500 273 585 339 12
787 290 881 336 m:
935 287 1393 336 ons-romnvs
1447 286 1803 334 mALoovs

434 463 590 503 nunc
642 445 801 502 circa
856 444 1189 518 Thyesten,
1231 438 1584 500 consumas?
1644 459 1777 499 cum
1823 419 2172 498 tot‘a'mico·

432 563 553 603 rum
583 562 841 610 caussae,
872 552 954 600 tot
1001 542 1360 600 coloniarum
1389 548 1450 598 et
1499 541 1943 614 municipiorum
1990 540 2171 598 clien-

432 645 601 710 telae,
648 644 711 701 in
776 644 958 700 forum
1003 650 1256 712 vocent3
1312 642 1515 716 quibus
1574 640 1676 697 vix
1733 641 2044 706 sufficeres,
2085 644 2168 696 et·

427 744 597 800 iamsi
651 762 769 800 non
825 760 1041 801 novum
1071 742 1205 799 ‘tibi
1256 742 1384 815 ipse
1439 740 1734 813 negotium
1798 740 2163 811 inportasses‚

429 843 749 900 Domitium
810 848 870 900 et
919 845 1224 908 Catonern,
1264 841 1327 897 id
1368 847 1475 908 est,
1518 845 1740 897 nostras
1779 856 2004 913 quoque
2047 840 2159 895 his·

427 942 601 999 torias
641 949 701 999 ct
743 943 1008 999 Romana
1070 942 1308 998 nomina
1372 941 1730 998 Graecorum
1790 938 1997 1005 fabulis
2065 939 2159 996 ad-

424 1059 677 1116 gregare.
1492 1043 1493 1046 ’

360 1133 401 1187 4
543 1143 621 1200 Et
691 1141 1012 1210 Maternus,
1065 1144 1430 1214 perturbarer
1494 1141 1606 1197 hac
1676 1146 1773 1197 tua
1815 1140 2155 1207 severitate,

420 1242 532 1299 nisi
576 1241 843 1315 frequens
875 1259 947 1297 ac
987 1241 1226 1299 adsidua
1269 1242 1435 1297 nobis
1476 1242 1779 1298 contentio
1818 1241 1935 1296 iam
1983 1257 2159 1312 prope

421 1344 479 1398 in
523 1340 1005 1400 consuetudinem
1048 1342 1339 1398 vertisset.
1424 1341 1577 1397 Nam
1623 1358 1733 1397 nec
1764 1347 1823 1396 tu
1853 1331 2073 1413 agitare
2102 1343 2162 1395 et

419 1440 645 1515 insequi
706 1446 904 1513 poetas
971 1439 1327 1507 intermittis,
1395 1445 1455 1496 et
1523 1456 1652 1514 ego,
1718 1438 1816 1496 cui
1875 1438 2159 1496 desidiam

418 1539 867 1596 advocationum
907 1538 1138 1605 obiicis,
1179 1539 1578 1614 quotidianum
1618 1540 1729 1596 hoc
1772 1538 2157 1612 patrocinium

415 1638 821 1696 defendendae
889 1638 1167 1695 adversus
1220 1644 1280 1695 te
1335 1639 1602 1711 poeticae
1669 1656 1939 1695 exerceo.
2024 1637 2202 1710 Quo-

414 1739 600 1794 laetor
644 1736 847 1810 magis,
902 1739 1161 1794 oblatum
1218 1737 1386 1795 nobis
1435 1737 1708 1805 iudicem,
1762 1737 1861 1812 qui
1910 1755 2002 1794 me
2053 1739 2152 1794 vel

414 1838 476 1893 in
506 1837 753 1893 futurum
805 1841 968 1893 vetet
1018 1853 1220 1894 versus
1270 1837 1480 1904 facere,
1523 1838 1640 1905 vel,
1694 1838 1845 1912 quod
1896 1837 2017 1894 iam
2048 1835 2156 1909 pri·
2220 1841 2227 1848 ‘

414 1937 546 1993 dem
612 1941 775 2009 opto,
830 1952 933 1991 sua
1001 1953 1226 2009 quoque
1289 1936 1635 1994 auctoritate
1695 1937 2031 2009 compellat,
2095 1938 2157 1992 ut

413 2034 639 2093 omissis
668 2034 979 2093 sorensium
1025 2050 1356 2094 caussarum
1391 2035 1693 2110 angustiis,
1735 2036 1794 2094 in
1838 2037 2040 2111 quibus
2069 2052 2156 2093 sa-

413 2135 487 2193 tis
517 2137 661 2195 mihi
706 2157 987 2214 superque
1035 2142 1303 2198 sudatum
1335 2143 1441 2206 est,
1489 2136 1839 2194 sanctiorem
1865 2136 2037 2194 istam
2083 2142 2146 2193 et

413 2236 800 2309 augustiorem
830 2239 1221 2313 eloquentiam
1251 2240 1461 2295 colam.

350 2338 387 2392 5
530 2336 660 2410 Ego
720 2356 880 2402 vern,
937 2338 1122 2414 inquit
1166 2338 1490 2404 Secundus,
1557 2340 1867 2410 antequam
1928 2353 2020 2392 me
2062 2333 2145 2390 iu·

409 2435 600 2492 dicem
663 2437 826 2509 Aper
891 2444 1135 2504 recuset,
1202 2438 1412 2495 faciam
1477 2437 1628 2511 quod
1699 2436 1860 2509 probi
1901 2440 1959 2491 et
2031 2450 2146 2491 mo·

407 2534 557 2591 desti
586 2534 805 2592 iudices
835 2540 1043 2605 solent,
1071 2544 1132 2596 ut
1175 2538 1236 2595 in
1268 2537 1357 2594 his
1386 2535 1814 2609 cognitionibus
1864 2544 1942 2590 se'
1971 2551 2145 2591 excu-

407 2641 556 2700 sent,
606 2633 665 2690 in
714 2634 917 2708 quibus
963 2637 1330 2694 manifestum
1385 2643 1493 2702 est,
1549 2637 1788 2691 alteram
1841 2634 1993 2706 apud
2043 2649 2143 2688 eos

408 2738 627 2804 partem
679 2734 863 2807 gratia
918 2736 1275 2809 praevalere.
1363 2735 1506 2807 Quis
1563 2734 1720 2790 enim
1777 2733 1983 2800 nescit,
2046 2711 2145 2789 ne-¹

407 2832 622 2888 minem
653 2832 793 2889 mihi
824 2807 1286 2891 coniuucTiorem
1329 2852 1457 2890 esse
1499 2839 1559 2890 et
1609 2851 1710 2889 usu
1757 2831 2051 2891 amicitiae
2081 2839 2142 2889 et

404 2931 751 2989 adsiduitate
778 2934 1164 3002 contubernii,
1211 2952 1383 3009 quam
1427 2933 1683 2990 Saleium
1715 2933 1977 2997 Bassum,
2007 2947 2138 2988 cum

403 3033 683 3104 optimum
728 3032 932 3099 virum,
981 3039 1101 3090 tum
1155 3033 1642 3090 absolutissimum
1697 3029 1979 3104 poetam?
2020 3048 2140 3104 por·

461 3187 722 3247 clientelae]
786 3187 914 3238 Quae
946 3195 1183 3248 patronum
1210 3191 1474 3250 coaptarent
1508 3187 1789 3235 Maternum.
1852 3186 2009 3232 Notae
2040 3189 2143 3233 sunt
2200 3209 2211 3220 ·

403 3252 596 3292 tesserae
619 3246 955 3306 hospitalitatis.

459 3323 732 3385 Domitium]
795 3324 991 3370 Videtur
1027 3325 1158 3371 fuisse
1198 3326 1249 3381 is,
1302 3325 1393 3387 qui,
1433 3324 1549 3371 lulio
1585 3322 1771 3370 Caesari
1811 3323 2139 3381 infensissimus,

398 3383 655 3430 Pharsalica
675 3384 773 3429 acie
790 3384 1011 3431 occubuit.
1035 3386 1092 3430 de
1110 3400 1201 3446 quo
1220 3387 1341 3432 Suet.
1367 3386 1440 3432 Ne
1471 3401 1506 3429 ι.
1529 3388 1571 3432 2.

464 3461 663 3507 Saleium
692 3462 901 3523 Bumtm]
973 3464 1040 3509 De
1068 3479 1158 3524 quo
1187 3466 1531 3513 anim-ultanus.
1561 3464 1778 3510 Instituit
1810 3463 1985 3510 Orator.
2010 3464 2071 3516 X,
2097 3465 2136 3508 1.

396 3519 447 3627 Z
443 3520 735 3628 {tegla-³51⁸
741 3523 957 3578 poeticum
988 3523 1226 3583 ingenium
1253 3523 1394 3571 Saleii
1421 3523 1553 3571 Bassi
1566 3523 1690 3583 fuit,
1719 3537 1798 3573 nec
1826 3522 1973 3581 ipsum
2001 3535 2143 3573 senec-
