2532 4164
424 293 469 362 6
827 318 921 365 m:
970 319 1285 369 Moamvs
1339 320 1760 371 GERMANIAE

359 468 403 527 3
499 474 516 502 ‘
546 469 752 527 Fuisse
799 474 951 544 apud
1003 491 1104 530 eos
1151 479 1211 531 et
1261 474 1591 534 Herculem'
1646 483 1983 547 memorant,
2038 479 2146 553 pri·

419 583 687 641 mumque
734 568 990 628 omnium
1041 571 1292 630 virorum
1345 574 1753 633 fortium-ituri
1807 576 1868 633 in
1929 577 2149 650 proelia

419 671 659 724 canunt.
743 669 894 725 Sunt
943 669 1058 726 illis
1115 672 1261 728 haec
1311 690 1535 748 quoque
1580 675 1859 744 carmina,
1912 695 2150 750 quorum

421 767 622 829 relatu,
678 788 845 843 quem
907 767 1189 827 harditum
1254 777 1489 840 vocant,
1543 756 1830 851 accedunt
1900 775 2144 842 animoa,

419 868 751 943 futuraeque
822 889 1045 944 pugnae
1099 871 1382 928 fortunam
1435 849 1578 944 'ipso
1642 858 1819 930 cantu
1871 889 2147 946 auguran-

420 973 527 1025 tur.
584 973 800 1026 terrent
856 969 1015 1026 enim
1061 969 1453 1042 trepidantve,
1502 975 1669 1042 prout
1735 971 1929 1028 sonuit
1975 971 2152 1028 acies.

419 1065 553 1122 Nec
583 1071 699 1122 tam
729 1067 894 1124 vocis
920 1067 1045 1130 ille,
1087 1084 1258 1142 quam
1291 1064 1538 1134 virtutis,
1583 1073 1905 1126 concentus
1945 1068 2146 1127 viden·

417 1167 525 1220 tur.
611 1164 956 1222 Adfectatur
996 1164 1306 1238 praecipue
1349 1164 1628 1237 asperitas
1654 1165 1789 1222 soni
1815 1171 1875 1223 et
1900 1166 2146 1223 fractum

416 1274 680 1332 murmur,
719 1262 965 1320 obiectis
993 1264 1068 1320 ad
1100 1279 1166 1320 os
1194 1263 1398 1326 acutis,
1437 1280 1552 1338 quo
1580 1263 1805 1336 plenior
1829 1269 1890 1320 et
1914 1263 2163 1337 gravior,
2215 1336 2222 1349 Ξ
2247 1342 2250 1347 Ι

415 1372 535 1416 vox
591 1377 924 1433 repercussu
977 1361 1344 1417 intumescat.
1463 1360 1737 1418 Ceterum
1791 1366 1850 1418 et
1902 1359 1963 1417 V
1959 1359 2144 1429 larem,

414 1459 644 1531 quidam
693 1459 1019 1531 opinantur,
1049 1462 1257 1533 ‘longo
1309 1459 1412 1516 illo
1459 1464 1519 1516 et
1562 1459 1825 1516 fabuloso
1862 1475 2051 1518 errore
2079 1460 2143 1518 in

415 1558 603 1613 ‘hunc
639 1557 940 1613 Oceanum
980 1558 1254 1624 delatum,
1302 1558 1494 1614 adisse
1543 1557 1897 1614 Germaniae
1946 1563 2144 1625 terras,

414 1662 430 1686 ‘
454 1653 992 1729 Asciburgiumque‚
1037 1657 1185 1728 quod
1214 1656 1277 1712 in
1326 1656 1453 1728 ripa
1495 1656 1691 1712 Rheni
1732 1654 1906 1712 situm
1948 1637 2144 1712 hodie·

412 1759 427 1785 ‘
459 1771 570 1826 que
617 1751 905 1822 incolitur,
961 1754 1035 1810 ab
1081 1753 1187 1810 illo
1231 1752 1604 1811 coustitutum
1654 1751 2142 1828 nominatumque.

413 1854 636 1909 ‘Aram
664 1850 803 1924 quin
851 1851 1028 1908 etiam
1058 1852 1230 1909 Vlixi
1275 1856 1706 1921 consecratam,
1753 1851 1985 1909 adiecto
2031 1853 2145 1910 La-
2205 1892 2215 1901 ·

414 1954 430 1983 ‘
449 1958 606 2006 ettae
661 1949 837 2022 patris
887 1948 1143 2013 nomine,
1213 1949 1420 2007 eodem
1466 1950 1601 2006 loco
1645 1950 1788 2006 olim
1841 1955 2146 2021 repertam,

410 2054 928 2123 ‘monumentaque
955 2053 1016 2105 et
1063 2050 1311 2107 tumulos
1368 2049 1661 2132 quosdam,
1707 2037 1952 2107 Graecis
1995 2046 2148 2105 litte—

410 2154 426 2179 ‘
449 2148 525 2203 ris
580 2148 913 2219 inscriptoS,
989 2146 1051 2204 in
1096 2147 1352 2204 confinio
1407 2147 1759 2224 Germaniae
1819 2145 2144 2220 Raetiaque

411 2252 427 2277 ‘
449 2246 637 2302 adhuc
666 2243 935 2301 exstare?
965 2261 1110 2319 quae
1153 2262 1340 2319 neque
1386 2244 1727 2301 confirmare
1774 2242 2146 2317 argumentiS,

472 2397 715 2444 Bai-ditum
757 2396 928 2458 vocant]
990 2398 1102 2443 Sunt
1140 2396 1215 2456 qui
1254 2395 1478 2442 barritum
1513 2396 1725 2443 mallent:
1773 2400 1823 2442 at
1861 2396 2038 2442 horr-ire
2071 2399 2144 2443 est

410 2456 763 2515 elephantorum,
782 2471 890 2515 quos
911 2469 965 2503 ne
982 2460 1196 2501 noverant
1215 2455 1393 2523 quidem
1414 2454 1641 2524 Germani.
1710 2455 1906 2501 Bardire
1924 2468 2033 2500 vero
2051 2469 2148 2501 cer·

411 2529 565 2560 vorum
597 2521 688 2561 est:
721 2529 829 2575 quos
867 2514 1120 2575 saepissime
1138 2514 1379 2559 audiebant
1417 2517 1713 2573 continuoque
1733 2513 2008 2560 venabantur
2044 2520 2140 2559 tum

411 2572 622 2618 Germani
652 2580 745 2619 tum
795 2573 932 2619 Galli.
964 2574 1081 2634 apud
1118 2586 1226 2631 quoe
1272 2571 1582 2641 celelierrimus
1614 2572 1697 2619 suit
1730 2573 1944 2619 bai-ditus.
2035 2572 2144 2618 ludo

412 2633 569 2702 Vates.
590 2634 665 2692 qui
685 2633 770 2738 holo
787 2632 980 2737 4ιῖιιξείιιΙο
997 2631 1252 2689 utebantur,
1271 2630 1380 2676 dicti
1414 2635 1516 2677 runt
1533 2630 1686 2678 Bardi.
1748 2630 1820 2678 De
1847 2631 2005 2693 quibus
2020 2643 2147 2689 egre-

412 2705 486 2748 gie
506 2691 710 2737 Lumnus
755 2727 767 2737 .
874 2724 885 2736 .

531 2769 626 2813 Vos
671 2782 829 2828 noque,
850 2767 924 2827 qui
944 2768 1080 2813 sortes
1093 2766 1263 2814 animas
1282 2767 1489 2836 belloque
1507 2774 1760 2829 peremptos
1831 2789 1834 2795 ·

532 2827 630 2873 Lau
665 2826 760 2872 ibus
778 2827 822 2872 in
839 2827 1054 2883 Longum,
1072 2832 1211 2879 vates,
1232 2827 1458 2872 dimittitis
1476 2841 1650 2884 aevum,

534 2886 731 2932 Plurima
747 2886 886 2931 securi
907 2883 1077 2931 fudistis
1095 2885 1289 2931 carmina
1306 2885 1450 2931 hardi.
2010 2884 2138 2931 Brot.

419 2962 563 3021 [Haec
582 2967 733 3020 etyma
752 2963 911 3010 nostris
929 2964 1240 3015 cantatoribus,
1260 2963 1355 3009 sive
1385 2964 1543 3023 poetis,
1581 2978 1668 3009 non
1688 2963 1822 3008 valde
1857 2962 2047 3016 adulari,
2077 2962 2142 3008 sa-

417 3022 598 3067 tendum
617 3028 709 3080 est5
737 3037 794 3067 an
814 3038 840 3068 a
860 3037 1044 3069 cervoru
1110 3022 1304 3076 bar-ditia,
1326 3037 1383 3068 an
1402 3023 1461 3067 ab
1478 3022 1815 3081 elephantorum
1851 3021 2043 3076 barritu,
2065 3021 2141 3066 de-

417 3080 628 3127 riventur.
691 3082 976 3128 Almamerus
1011 3096 1062 3126 oe
1082 3082 1323 3127 eberrimus
1357 3082 1571 3127 maritum
1603 3081 1758 3135 vellet,
1791 3081 1936 3125 forsan
1975 3079 2139 3125 vitulo-

417 3153 513 3183 rum
532 3153 711 3190 sonum;
743 3148 914 3194 contra,
956 3140 1225 3187 Perizonius
1260 3140 1539 3186 doctissimus
1564 3140 1674 3196 legit
1707 3139 1918 3194 baritum,
1936 3138 2073 3199 quasi,
2110 3152 2140 3184 a

418 3198 522 3243 haer
540 3198 660 3251 baar,
683 3213 879 3244 umorum
899 3214 1107 3245 murmur.
1172 3199 1250 3245 Dii
1268 3198 1466 3259 deaeque
1485 3211 1637 3244 omues
1658 3196 1669 3243 !
1696 3196 1706 3242 !
1734 3196 1767 3257 ἰ]

475 3274 656 3321 Graecis
671 3275 848 3336 litteris]
909 3276 1094 3323 Litteris
1112 3277 1314 3330 sortasse,
1336 3276 1406 3322 vix
1438 3276 1573 3321 credo
1608 3273 1770 3332 lingua.
1836 3274 1957 3325 Quid
1988 3278 2138 3320 autem

417 3332 574 3379 mirum
596 3334 653 3379 de
671 3334 774 3390 illis,
811 3349 909 3381 cum
947 3336 1083 3381 etiam
1121 3335 1322 3381 Helvetii
1357 3343 1403 3381 et
1429 3333 1553 3382 Galli
1586 3334 1841 3379 litteratura
1877 3332 2051 3379 Graeca
2071 3331 2138 3378 usi

417 3392 520 3447 tint,
541 3393 753 3439 Romanis
770 3394 1093 3440 characteribus
1112 3394 1234 3440 iuxta
1252 3409 1351 3439 cum
1381 3392 1568 3453 imperio
1587 3391 1782 3448 ignotis?
1811 3390 1935 3446 Lips.
1999 3391 2137 3459 Grpe-

419 3465 567 3497 camm
586 3451 813 3499 literarum
850 3468 971 3500 urum
992 3454 1126 3499 etiam
1145 3453 1291 3499 Gallis
1310 3452 1464 3498 tribuit
1493 3451 1661 3496 caesar
1694 3449 1741 3495 Β.
1764 3450 1820 3495 G.
1838 3453 1883 3506 6,
1908 3453 1973 3495 14.
1997 3448 2072 3494 ubi
2091 3463 2134 3495 v.

417 3511 586 3562 navicu
604 3518 651 3561 et
667 3514 873 3563 Oudend.
895 3514 1131 3562 lectionem
1152 3512 1376 3572 vulgatam
1395 3516 1517 3558 recte
1534 3508 1833 3558 defendentes.
1895 3506 2015 3554 Era.
