2532 4164
1071 277 1227 325 cae.
1287 257 1400 325 19.
1902 261 2036 330 131

305 434 547 500 dicendi
601 432 746 492 via:
788 448 906 490 non
962 431 1303 490 infirmitate
1354 432 1601 524 ingenii,
1656 450 1769 492 nec
1810 434 2050 495 inscitia

308 540 625 601 literarum,
680 531 1041 590 transtulisse
1087 549 1151 588 se
1205 532 1369 588 adid
1398 533 1638 589 dicendi
1690 551 1873 608 genus
1912 552 2050 594 eon-

311 627 511 702 tendo,
565 635 669 690 sed
698 631 918 690 iudicio
946 637 1007 687 et
1065 631 1395 689 intellectu.
1476 631 1650 688 Vidit
1692 649 1956 707 namque,
1985 640 2051 692 ut

310 738 508 813 paullo
537 739 674 790 ante
702 732 992 794 dicebam,
1048 747 1180 787 cum
1210 729 1552 788 conditione
1603 739 1939 804 temporum,
1976 750 2051 793 ae

307 834 654 893 diversitate
696 831 937 895 aurium,
966 829 1205 886 formam
1234 846 1459 904 quoque
1487 847 1560 886 ae
1614 832 1874 903 speciem
1925 849 2050 891 ora·

311 934 492 992 tionis
520 949 649 988 esse
677 930 1031 986 mutandam.
1143 928 1349 985 Facile
1378 929 1702 1001 perferebat
1731 930 1884 1003 prior
1935 931 2049 989 iste

312 1035 576 1108 populus,
644 1036 705 1085 ut
773 1028 1055 1099 inperitus
1122 1033 1182 1083 et
1256 1028 1433 1093 rudis,
1496 1028 2057 1100 inpeditissimarum

310 1131 636 1188 orationum
667 1127 892 1200 spatia:
935 1131 1106 1199 atque
1137 1126 1194 1181 id
1225 1126 1414 1197 ipsum
1471 1127 1626 1183 laudi
1680 1128 1941 1190 dabatur,
1997 1127 2050 1185 si

313 1230 567 1287 dicendo
614 1227 741 1300 quis
789 1225 946 1281 diem
977 1225 1281 1281 eximeret.
1365 1226 1486 1281 Ista
1517 1242 1657 1282 vero
1678 1228 1851 1300 longa
1899 1226 2051 1299 prin-

310 1327 593 1400 cipiorum
618 1322 994 1396 praeparatio,
1014 1329 1076 1378 et
1097 1323 1439 1380 narrationis
1457 1326 1575 1380 alte
1598 1308 1843 1396 repetita
1870 1326 2050 1383 series

314 1431 373 1483 et
396 1428 701 1481 multarum
724 1422 1076 1479 divisionum
1093 1422 1430 1488 ostentatio,
1470 1429 1532 1479 et
1565 1423 1724 1480 mille
1752 1442 2051 1499 argumen-

317 1530 501 1582 torum
552 1524 778 1596 gradus,
806 1527 865 1576 et
915 1520 1185 1595 quicquid
1226 1521 1384 1578 aliud
1438 1523 1779 1579 aridissimis
1811 1524 2050 1582 Herma·

315 1640 490 1698 gorae
544 1626 606 1677 et
667 1619 1011 1692 Apollodori
1059 1620 1221 1676 libris
1293 1621 1658 1693 praecipitur,
1713 1621 1775 1679 in
1832 1623 2050 1681 honore

316 1726 471 1778 erat:
515 1725 595 1785 et,
625 1719 672 1775 si
701 1704 848 1793 qu‘lil‘.
877 1720 1145 1774 odoratus
1183 1719 1628 1792 philosophiam,
1654 1738 1730 1777 ex
1760 1738 1830 1776 ea
1858 1723 2051 1778 locum

316 1820 572 1893 aliquem
602 1813 855 1875 orationi
907 1835 1047 1873 suae
1075 1818 1375 1882 insereret,
1422 1817 1484 1874 in
1512 1822 1740 1875 coelum
1789 1821 2053 1878 laudibus

310 1920 622 1976 ferebatur.
727 1917 779 1972 N
788 1934 858 1973 ec
890 1916 1115 1973 mirum.
1221 1917 1407 1973 Erant
1436 1917 1592 1972 enim
1622 1918 1767 1974 haec
1799 1936 1955 1974 nova
1991 1923 2054 1976 et

313 2018 753 2091 incognitat.et
802 2016 1056 2088 ipsorum
1103 2030 1330 2089 quoque
1377 2024 1666 2071 oratorum
1720 2016 2053 2089 paucissimi

315 2123 630 2192 praecepta
658 2116 966 2181 rhetorum,
995 2119 1094 2169 aut
1137 2114 1607 2186 philosophorum
1638 2115 1871 2187 placita,
1919 2134 2053 2190 cog-

313 2221 626 2273 noverant.
731 2214 815 2269 At
874 2213 1129 2303 Herc‘u-le
1181 2212 1538 2285 pervulgatis
1596 2214 1711 2269 iam
1765 2214 2052 2281 omnibus,

320 2331 454 2371 eum
477 2313 582 2369 vix
604 2312 667 2369 in
695 2328 912 2368 corona
939 2312 1239 2385 quisquam
1268 2312 1528 2379 adsistat,
1582 2313 2053 2386 quin-salementis

311 2538 322 2551 α
376 2488 464 2534 διά
483 2486 652 2533 iudicio
685 2490 724 2531 el
753 2485 997 2546 intellectu]
1059 2484 1304 2532 Fortassis:
1338 2490 1378 2531 et
1405 2486 1587 2532 delectu.
1650 2486 1810 2532 Cicero
1838 2503 1919 2547 pro
1949 2489 2050 2536 Clu.

317 2550 390 2593 46.
452 2545 586 2597 Quod
602 2540 883 2600 idemsucere
902 2543 1112 2603 caumes
1127 2545 1179 2589 in
1197 2545 1366 2590 delectu
1384 2545 1617 2601 dignitatis
1633 2550 1674 2590 et
1686 2546 1855 2591 iudicio
1871 2548 2053 2604 civium,

317 2611 405 2651 etc.
471 2605 558 2663 Pro
577 2604 761 2649 Plancio
779 2607 822 2649 4.
884 2602 1088 2658 Ρομιῐῖιιε
1108 2618 1198 2649 rum
1227 2605 1399 2649 delectu
1428 2604 1577 2662 aliquo
1596 2610 1676 2650 out
1703 2606 1914 2660 sapientia
1934 2608 2054 2652 iudi-

320 2669 400 2709 cat.
468 2664 634 2709 Noster
663 2662 775 2707 infra
804 2677 841 2707 c.
880 2664 952 2707 22.
987 2677 1065 2707 nec
1087 2663 1183 2707 ulla
1209 2677 1258 2706 re
1291 2662 1434 2717 magis
1467 2663 1661 2707 eiusdem
1690 2665 1841 2708 uelatis
1869 2670 2057 2711 oratores

315 2722 582 2783 prpecurrit,
616 2735 747 2779 quum
765 2719 945 2766 iudicio.
1008 2720 1200 2766 Primus
1229 2721 1349 2765 e‘m'm
1379 2722 1568 2767 excoluit
1596 2722 1834 2767 orationem
1855 2728 1894 2768 el
1912 2724 2057 2770 verbis

321 2778 536 2827 delet-tuni
554 2779 758 2825 adhibuit
834 2778 974 2824 Gran.
1043 2784 1111 2825 An
1144 2780 1253 2824 haec
1285 2786 1407 2824 aetas
1469 2781 1581 2825 otius
1602 2781 1784 2827 verbum
1805 2782 2056 2840 inlelligere

352 2855 404 2885 ro
432 2839 627 2893 deligere.
656 2844 703 2884 et
738 2836 926 2893 diligere
954 2836 1110 2885 dixit?
1156 2837 1269 2883 Plin.
1307 2854 1378 2897 ep.
1463 2840 1541 2885 111.
1576 2843 1645 2885 23.
1680 2854 1807 2898 quem
1837 2840 2057 2898 Legatum

367 2898 562 2943 rt‘bunm
591 2897 655 2942 ita
685 2897 909 2942 inaltavit
923 2901 962 2941 et
992 2896 1112 2952 cepit.
1139 2896 1213 2941 ubi
1245 2904 1293 2940 et
1322 2911 1406 2952 ego
1426 2897 1666 2957 aliquando
1687 2899 1856 2943 tentavi
1878 2901 2053 2948 dilexit.

318 2958 461 3004 Immo
492 2958 585 3014 ipse
613 2962 769 3001 auctor
798 2955 942 3000 libelli
975 2955 1135 3001 iterum
1168 2954 1229 3000 sic
1257 2955 1372 3000 dixit
1400 2970 1438 3001 c.
1470 2960 1541 3002 31.
1576 2957 1695 3002 Era.
1732 2963 1850 3003 Anu.
1875 2959 1957 3015 Vl,
1981 2962 2052 3006 36.

321 3016 569 3062 ‘melleam
589 3030 672 3075 pro
689 3014 1002 3070 intelligentia,
1065 3013 1139 3059 Sic
1160 3021 1206 3059 et
1227 3013 1314 3058 hic.

379 3094 681 3150 Hermagorae
699 3097 740 3138 el
761 3093 1015 3149 Apollodori
1032 3091 1179 3152 libris]
1273 3091 1573 3145 Hermagoras
1591 3092 1643 3148 is,
1661 3094 1734 3153 qui
1755 3094 1835 3139 sub
1861 3098 2058 3152 Augusto

318 3152 443 3206 vixit,
467 3152 806 3208 intelligendus:
849 3166 935 3197 non
956 3155 1090 3197 alter,
1121 3153 1243 3196 cuius
1274 3165 1347 3211 ap.
1372 3152 1634 3197 Ciceronem
1668 3154 1834 3198 mentio
1853 3155 1896 3198 in
1930 3156 2055 3201 Brut.

319 3216 478 3331 Ζῗρςὲὶ
498 3211 634 3315 ⁸{illiti->L
669 3226 711 3256 v.
745 3212 872 3255 Clav.
907 3211 1002 3255 Cic.
1041 3211 1340 3271 Apollodorus
1372 3211 1666 3269 Pergamenus
1713 3214 1898 3270 Augusti
1929 3228 2057 3275 prae-

383 3349 474 3394 Vir
513 3348 566 3393 in
600 3348 770 3393 cortina
806 3347 1036 3407 quisquam
1073 3347 1273 3407 adsistat]
1342 3347 1430 3392 Alii
1471 3362 1628 3394 corona
1664 3349 1830 3403 legimt.
1875 3350 1909 3395 si
1946 3350 2056 3397 illud

320 3415 505 3459 rectum,
530 3421 614 3453 non
635 3408 758 3451 aliud
787 3407 993 3467 ceperim,
1016 3420 1145 3464 quam
1177 3406 1486 3451 subselliorum
1518 3408 1639 3452 iuxta
1669 3408 1863 3454 tribunal
1896 3411 2056 3465 locum,

321 3467 365 3511 in
386 3481 473 3525 quo
505 3481 592 3512 non
632 3466 834 3511 advocati
873 3467 1031 3520 solum,
1070 3466 1145 3509 sed
1188 3465 1373 3515 scribae,
1415 3479 1653 3522 praecones
1683 3462 1819 3526 'alque
1848 3468 1892 3514 id
1921 3483 2058 3526 genus

314 3538 483 3585 operae
518 3527 734 3587 forensem
745 3523 1029 3572 consistebat.
1091 3524 1282 3571 Severus
1320 3524 1367 3570 in
1401 3528 1550 3571 Aetna
1570 3539 1610 3572 v.
1648 3528 1747 3572 295.
1772 3541 1857 3586 pro
1890 3526 2058 3574 theatri
