2532 4164
976 329 1132 374 cap.
1190 307 1306 374 37.
1346 306 1462 374 38.
1948 309 2043 379 93

297 501 564 547 aversam
594 483 850 540 hostium
879 483 1069 539 aciem
1101 470 1386 540 invas'ere.
1473 483 1632 541 Tum
1663 502 1806 540 vero
1843 489 2045 557 paten-

305 590 458 647 tibus
517 587 661 641 locis
729 584 946 656 grande
1003 589 1061 638 et
1119 589 1287 639 atrox
1353 587 1792 656 spectaculum:
1862 584 2043 659 sequi,

304 692 633 749 vulnerare,
677 700 906 753 capere,
949 688 1121 755 atque
1165 683 1419 749 eosdem,
1474 684 1687 739 oblatis
1731 684 1887 748 aliis,
1932 691 2044 740 tru-

301 788 517 845 cidare.
604 786 727 840 lam
771 783 1039 842 hostium,
1084 788 1246 853 prout
1304 782 1512 855 cuique
1558 783 1856 854 ingenium
1899 786 2043 851 erat,

299 894 576 944 catervae
641 887 987 937 armatorum
1057 881 1422 954 paucioribus
1492 887 1689 955 terga·
1732 888 2042 954 praestare,

303 986 537 1059 quidam
580 982 829 1037 inermes
893 984 1043 1036 ultro
1101 999 1283 1047 ruere,
1344 999 1414 1037 ac
1475 998 1538 1036 se
1599 981 1765 1036 morti
1821 982 2039 1037 offerre.

301 1083 527 1141 Passim
569 1098 726 1137 arma
767 1087 827 1136 et
868 1097 1108 1151 corpora
1150 1088 1210 1135 et
1254 1081 1435 1137 laceri
1477 1087 1631 1136 artus
1686 1089 1746 1136 et
1801 1085 2044 1137 cruenta

302 1183 546 1242 humus:
612 1186 670 1235 et
728 1179 1044 1251 aliquando
1108 1179 1288 1235 etiam
1351 1181 1522 1236 victis
1583 1180 1667 1235 ira
1728 1180 2040 1252 virtusque.

305 1286 604 1354 postquam
667 1278 836 1334 silvis
898 1278 1446 1351 adpropinquarunt,
1505 1279 1781 1342 conlecti,
1826 1279 2042 1350 primos

308 1378 689 1452 sequentium,
717 1377 983 1432 incautos
1025 1382 1085 1431 et
1117 1380 1372 1433 locorum
1422 1378 1674 1451 ignaros,
1723 1365 2046 1432 circumve-

308 1478 570 1535 niebant.
651 1475 820 1546 Quod
854 1476 911 1530 ni
941 1475 1220 1555 frequens·
1249 1476 1458 1550 ubique
1511 1477 1783 1549 Agricola
1817 1476 2045 1532 validas

305 1583 365 1633 et
423 1575 730 1646 expeditas
786 1576 1075 1639 cobortes,
1137 1574 1430 1646 indaginis
1494 1560 1682 1642 modo,
1740 1582 1801 1631 et
1857 1574 2046 1631 sicubi

306 1675 554 1733 arctiora
582 1679 765 1738 erant,
797 1682 1016 1745 partem
1063 1675 1342 1748 equitum,
1371 1676 1625 1731 dimissis
1653 1675 1833 1748 equis,
1874 1674 2046 1731 simul

307 1775 547 1832 rariores
586 1775 769 1828 silvas
799 1773 1053 1845 equitem
1085 1776 1402 1842 persultare
1432 1774 1711 1838 iussisset,
1738 1781 2048 1846 acceptum

309 1874 540 1946 aliquod
567 1875 774 1927 vulnus
805 1870 1178 1943 per·nimiam
1204 1872 1476 1928 fiduciam
1505 1873 1666 1927 foret.
1752 1873 2049 1936 Ceterum,

307 1972 405 2030 ubi
432 1972 785 2042 compositos
827 1970 1002 2026 firmis
1052 1970 1350 2026 ordinibus
1399 1971 1561 2043 sequi
1611 1988 1797 2027 rursus
1828 1971 2048 2036 videre,

308 2071 370 2129 in
402 2071 595 2143 fugam
639 2071 812 2135 versi,
857 2089 972 2126 non
1024 2070 1370 2141 agminibus,
1415 2077 1477 2125 ut
1532 2070 1703 2142 prius,
1749 2089 1858 2127 nec
1902 2071 2049 2127 alius

310 2172 488 2228 alium
533 2175 946 2241 respectantes,
994 2169 1104 2224 rari
1160 2175 1220 2224 et
1252 2170 1555 2225 vitabundi
1607 2169 1888 2234 invicem,
1932 2172 2050 2226 lou-

312 2270 527 2345 ginqua
589 2276 762 2341 atque
817 2269 953 2324 avia
997 2268 1236 2340 petiere.
1300 2269 1433 2324 finis
1487 2269 1766 2341 sequendi
1833 2287 1947 2325 nox
1989 2273 2051 2326 ct

317 2370 560 2436 satietas
584 2368 709 2433 suit,
751 2384 922 2423 caesa
956 2366 1203 2423 hostium
1232 2369 1304 2421 ad
1335 2369 1540 2423 decem
1572 2368 1751 2423 millia
1777 2387 1789 2423 ε
1835 2374 2051 2426 nostro-

311 2487 433 2527 rum
464 2467 711 2527 trecenti
743 2466 1047 2539 sexaginta
1077 2467 1348 2523 cecidere
1374 2486 1386 2521 ε
1432 2468 1489 2522 in
1520 2466 1646 2540 quis
1683 2469 1865 2523 Aulus
1903 2467 2052 2524 Atti-

309 2589 432 2636 cus,
479 2572 813 2627 Praefectus
863 2571 1139 2637 cohortis,
1187 2570 1437 2626 iuvenili
1486 2572 1687 2626 ardore
1727 2580 1785 2626 et
1836 2570 2053 2627 ferocia

312 2673 445 2743 equi
477 2670 733 2726 hostibus
766 2671 993 2725 inlatus.
1045 2702 1050 2707 ‹
1092 2696 1096 2703 ·

394 2771 467 2828 Et
517 2786 631 2825 nox
658 2770 888 2843 quidem
918 2768 1129 2840 gaudio
1162 2769 1485 2841 praedaque
1518 2770 1670 2823 laeta
1702 2756 2051 2825 victoribus:
2075 2773 2157 2832 38

313 2856 584 2926 Britanni
647 2871 933 2940 palanteS,
987 2868 1285 2940 mixtoque
1335 2868 1583 2922 virorum
1641 2868 2055 2942 mulierumque

313 2971 556 3042 ploratu,
588 2969 811 3024 trahere
846 2971 1195 3031 vulneratos,
1240 2983 1451 3023 vocare
1484 2966 1757 3038 integros,
1786 2969 2055 3023 deserere

311 3069 513 3124 domos
556 3084 624 3123 ac
668 3086 768 3140 per
795 3068 939 3123 iram
972 3068 1118 3122 ultro
1149 3065 1465 3121 incendere
1498 3085 1510 3120 τ
1555 3067 1772 3137 eligere
1806 3067 2055 3121 latebras

314 3173 374 3223 et
415 3167 613 3222 statim
657 3167 1013 3239 relinquere:
1060 3165 1302 3221 miscere
1350 3165 1610 3220 invicem
1665 3164 1913 3219 consilia
1956 3163 2057 3219 ali-

314 3283 450 3339 qua,
477 3266 614 3320 dein
646 3283 950 3335 separare:
995 3264 1308 3335 aliquando
1338 3263 1520 3335 frangi
1552 3264 1828 3334 adspectu
1861 3262 2058 3333 pigno·

315 3381 438 3420 rum
488 3382 737 3429 suorum,
776 3364 1007 3435 saepius
1068 3362 1374 3418 concitari.
1431 3360 1683 3434 satisque
1732 3364 2057 3428 constabat,

375 3517 696 3574 Pugnantium
714 3518 830 3576 alae]
903 3520 934 3562 Α
958 3517 1104 3561 fronte
1124 3517 1179 3561 ad
1210 3521 1336 3574 terga
1369 3519 1647 3560 transvectae
1666 3514 1862 3575 equitnm
1895 3515 2061 3561 Roma·

313 3591 472 3629 norun»
494 3578 596 3622 alae
619 3592 816 3622 aversam
844 3577 1154 3621 Britannorum
1175 3576 1315 3620 aciem
1340 3575 1555 3619 invasere.

375 3654 564 3713 Saepius
583 3655 812 3715 concitari]
876 3655 998 3704 Vere
1017 3655 1301 3702 observatum
1321 3670 1348 3700 a
1364 3653 1528 3702 Tacito
1547 3653 1666 3702 Hist.
1694 3653 1752 3702 ΙΙ.
1766 3657 1836 3701 44.
1863 3652 2064 3701 homines
