2532 4164
965 312 1124 362 cn.
1176 292 1297 357 41.
1352 289 1469 355 42.
1978 281 2114 349 157

378 478 565 557 gloria
610 478 702 534 est
742 472 897 530 inter
935 469 1121 525 bonos
1168 482 1374 531 mores,
1429 465 1507 520 et·
1543 460 1606 518 in
1653 457 1991 534 obsequium
2038 474 2124 515 re-

382 577 576 655 gentis
625 578 872 648 paratos.
956 563 1115 639 Quid
1161 563 1323 621 enim
1367 579 1511 635 opus
1560 564 1649 618 est
1698 557 1887 633 longis
1928 557 1992 615 in
2023 557 2127 613 Se-

383 683 528 737 natu
556 668 885 736 sententiis,
932 683 1066 723 cum
1108 662 1315 737 optimi
1355 661 1475 719 cito
1514 654 1931 717 consentiant?
1971 653 2128 727 Quid

385 772 588 835 multis
633 771 785 845 apud
836 766 1109 840 populum
1156 761 1560 828 concionibus,
1601 775 1737 816 eum
1779 758 1854 815 de
1900 755 2130 844 Repub-

390 873 511 934 lica
566 888 685 929 non
738 864 977 940 inperiti
1031 868 1094 919 et
1140 860 1307 919 multi
1355 860 1694 930 deliberent,
1751 857 1854 914 sed
1901 854 2132 928 sapien·

388 971 649 1031 tissimus
715 972 777 1023 et
843 958 1042 1022 unus?
1108 960 1263 1033 Quid
1337 956 1680 1016 voluntariis
1746 951 2133 1012 adcusationi-

389 1072 517 1136 bus,
558 1083 695 1126 cum
744 1070 864 1121 tam
908 1078 1036 1118 raro
1088 1066 1147 1116 et
1192 1066 1313 1116 tam
1362 1074 1535 1131 parce
1589 1051 1920 1130 peccetur?
1976 1051 2133 1125 Quid

387 1166 700 1227 invidiosis
757 1169 818 1220 et
884 1158 1312 1240 excedentibus
1379 1156 1617 1213 modum
1683 1153 2138 1218 defensionibus,

393 1283 530 1326 cum
576 1260 893 1323 clementia
931 1256 1344 1333 cognoscentis
1385 1254 1627 1313 obviam
1673 1252 2137 1327 periclitantibus

397 1363 548 1428 eat?
600 1362 872 1430 Credite,
946 1356 1171 1433 optimi,
1230 1361 1292 1413 et
1344 1355 1408 1413 in
1473 1362 1752 1429 quantum
1822 1369 1967 1426 opus
2030 1356 2139 1417 est,

398 1462 764 1524 disertissimi
809 1459 943 1526 viri,
996 1457 1050 1515 si
1092 1461 1190 1514 aut
1234 1472 1341 1512 vos
1397 1453 1678 1528 prioribus
1725 1452 1994 1517 saeculis,
2042 1455 2142 1507 aut

398 1562 517 1628 isti,
572 1579 714 1636 quos
772 1560 1061 1624 miramur,
1115 1556 1207 1613 his
1237 1554 1385 1614 ‘nati
1441 1557 1659 1622 essent,
1721 1570 1792 1611 ac
1824 1553 1988 1610 Deus
2041 1550 2144 1608 ali·

398 1661 525 1738 quis
581 1660 735 1716 vitas
791 1663 1035 1725 vestras,
1063 1662 1259 1714 vestra
1316 1660 1596 1727 tempora,
1648 1657 1888 1726 repente
1931 1657 2146 1711 mutas-

397 1766 509 1824 set,
539 1777 648 1816 nec
686 1758 850 1815 vobis
891 1772 1115 1813 summa
1142 1754 1247 1811 illa
1295 1756 1419 1811 laus
1467 1758 1527 1809 et
1574 1752 1757 1827 gloria
1785 1752 1849 1810 in
1876 1755 2149 1826 eloquen-

401 1859 506 1926 tia,
559 1874 748 1931 neque
814 1855 932 1911 illis
993 1856 1195 1911 modus
1238 1859 1300 1909 et
1340 1856 1877 1925 temperamentum,
1937 1850 2148 1906 defuis-

402 1963 513 2014 set.
642 1957 837 2020 Nunc‚
890 1953 1163 2027 quoniam
1236 1969 1408 2011 nemo
1476 1952 1684 2008 eodem
1738 1955 1998 2023 tempore
2051 1951 2146 2006 ad·

405 2055 573 2130 sequi
633 2059 821 2128 potest
869 2069 1136 2127 magnam
1186 2052 1397 2109 famam
1450 2055 1511 2108 et
1558 2066 1830 2124 magnam
1877 2048 2150 2124 quietem,

403 2157 564 2214 bono
591 2153 811 2211 saeculi
850 2152 941 2210 sui
982 2144 1239 2228 quisque,
1285 2151 1435 2209 citra
1481 2150 1967 2209 obtrectationem
2011 2153 2153 2208 alte·

412 2254 550 2324 rius,
580 2259 787 2310 utatur.

509 2351 781 2410 Finierat
838 2349 1160 2407 Maternus.
1243 2348 1408 2407 Tum
1455 2348 1752 2406 Messalaz
1796 2353 1980 2421 erant,
2033 2339 2273 2424 qui-42

415 2450 524 2509 bus
579 2442 1087 2519 contradicerem3
1154 2454 1339 2515 erant,
1401 2449 1475 2505 de
1539 2448 1745 2522 quibus
1805 2450 1966 2522 plura
2033 2449 2154 2507 dici

416 2552 657 2617 vellem,
711 2548 828 2605 nisi
881 2547 999 2605 iam
1046 2546 1176 2604 dies
1226 2553 1382 2605 esset
1429 2553 1690 2604 exactus.
1773 2548 1930 2616 Fiet,
1970 2546 2159 2623 inquit

476 2721 629 2769 Plura
649 2721 740 2768 ‹h‘ci
758 2721 940 2782 vetlem}
1000 2721 1110 2768 inde
1127 2722 1308 2783 quidam
1327 2720 1567 2782 opinantur
1594 2722 1786 2768 alterum
1807 2722 2011 2769 habitum
2031 2721 2161 2769 fuisse

416 2780 662 2840 dialogum,
690 2781 764 2841 qui
796 2780 976 2841 periit„
1029 2784 1094 2828 At
1126 2781 1171 2827 in
1206 2781 1272 2826 his
1303 2780 1680 2840 disputationibus
1709 2797 1809 2828 cum
1838 2788 1887 2828 et
1917 2782 2164 2828 modestiae

419 2840 491 2892 sit,
524 2847 573 2885 ut
604 2855 733 2885 nemo
767 2854 815 2886 se
846 2839 1069 2886 victorem.
1103 2840 1384 2898 arrogantius
1420 2840 1665 2945 praedicet,
1697 2846 1745 2886 et
1779 2842 2081 2895 humanitatis,
2113 2850 2165 2887 ut

416 2913 550 2946 nemo
567 2913 615 2945 se
634 2900 798 2944 victum
815 2899 1026 2954 fateatur,
1057 2900 1119 2944 sic
1150 2913 1286 2959 saepe
1315 2913 1423 2944 conc
1443 2900 1653 2955 uduntur,
1669 2901 1808 2959 ‘quasi
1839 2901 1984 2947 adhuc
2005 2914 2178 2960 anceps

418 2958 475 3004 sit
528 2958 713 3014 naestio,
745 2964 796 3003 et
814 2959 1092 3004 enucleatius
1112 2957 1391 3018 explicanda.
1456 2959 1554 3003 Nec
1583 2959 1714 3004 aliter
1748 2975 1773 3004 a
1806 2960 1865 3006 ud
1886 2959 2167 3014 Ciceronem,

416 3017 491 3066 De
562 3022 694 3063 atura
728 3017 941 3069 Deorum,
978 3018 1061 3071 111,
1096 3020 1165 3065 4⁰.
1208 3016 1389 3069 Balbus,
1420 3017 1572 3073 Cotta,
1606 3023 1654 3063 et
1683 3017 1772 3064 Vel
1792 3019 1887 3064 eius
1916 3017 2163 3064 discedunt.

419 3077 600 3133 Integer
627 3090 742 3133 ergo
765 3082 833 3122 est
864 3090 919 3121 ex
957 3076 1043 3122 hac
1082 3083 1212 3137 parte
1241 3076 1461 3134 dialogus.
1526 3076 1710 3123 Utinam
1742 3077 1832 3123 alia
1861 3078 2017 3130 multa,
2051 3091 2179 3136 quaer.

421 3133 677 3181 notavimus
697 3147 845 3194 supra,
878 3149 974 3194 cap.
998 3139 1071 3188 35,
1093 3149 1180 3180 non
1211 3133 1457 3194 periissent.
1524 3135 1587 3180 Ut
1618 3136 1662 3181 in
1689 3136 1925 3182 Annalium
1947 3135 2167 3182 Historia-

401 3206 610 3250 .1umque
632 3192 755 3236 libris
784 3193 1159 3240 absolutissimum
1192 3194 1405 3240 babemus
1437 3194 1649 3254 politicae
1678 3195 1793 3241 artis
1818 3202 2175 3248 mouumentum,

421 3250 471 3298 in
493 3250 610 3295 libro
630 3250 687 3294 de
708 3250 918 3296 Moribus
938 3251 1262 3298 Germanorum
1285 3253 1510 3310 egregium
1543 3253 1830 3300 humanitatis
1851 3254 2175 3309 rudimentum..

425 3316 770 3367 nostrarumque
806 3309 951 3366 legum
999 3312 1367 3370 fundamentum3
1418 3311 1462 3358 in
1501 3311 1615 3358 Vita
1653 3313 1737 3359 Cn.
1778 3313 1886 3359 Julii
1929 3312 2170 3372 Agricolae

425 3368 709 3473 glendidum
728 3368 998 3415 cultissimae
1030 3370 1206 3417 virtutis
1235 3372 1501 3430 exemplum,
1534 3370 1600 3416 ita
1629 3384 1804 3434 quoque
1825 3373 1869 3418 in
1902 3372 2093 3431 Dialogo
2112 3374 2179 3419 de

497 3426 694 3471 atoribns
717 3427 976 3473 haberemus
995 3429 1208 3488 optimum
1249 3428 1463 3483 {terarum
1483 3429 1811 3487 documentum,
1832 3431 2169 3478 validissimum·

427 3499 515 3551 que
534 3486 1183 3543 ingeniorum:incitamentum
1296 3494 1316 3533 t
1346 3495 1398 3535 ut
1426 3493 1511 3549 est,
1542 3497 1695 3538 manet
1722 3491 1872 3539 adhuc
1889 3490 1934 3538 in
1956 3491 2040 3538 boe
2061 3492 2172 3540 nia.

506 3585 658 3628 von·
693 3587 801 3628 ιιι.
1272 3572 1361 3628 14.
