2532 4164
437 274 577 346 134
778 292 873 341 nn
925 289 1383 343 onnomsvs
1434 294 1792 348 nume-vs

427 465 539 525 que
591 448 853 508 iudicum
898 450 1382 511 adcommodata:
1424 457 1488 511 ut
1528 452 1702 519 scias,
1727 453 1917 527 ipsum
1943 471 2170 531 quoque

429 548 682 608 Calvum
711 549 1098 616 intellexisse,
1127 549 1264 626 quid
1293 550 1502 608 melius
1554 558 1729 620 esset,
1759 571 1872 611 nec
1904 557 2171 614 volunta·

426 652 566 715 tem,
593 647 734 723 quin
781 648 1081 707 sublimius
1107 653 1167 706 et
1204 651 1420 708 cultius
1447 650 1689 718 diceret,
1737 654 1841 710 sed
1864 653 2167 727 ingenium

424 763 497 804 ac
525 746 703 814 vires,
723 747 992 805 defuisse.
1078 746 1284 820 Quid?
1324 767 1402 807 ex
1433 751 1736 809 Coelianis
1764 750 2166 812 orationibus?

423 864 636 920 nempe
652 847 765 904 hae
794 848 1048 920 placent,
1077 847 1264 922 simon
1291 849 1621 918 universae,
1644 857 1705 907 at
1731 855 1921 924 partes
1950 869 2169 921 earum,

422 943 486 1002 in
515 944 719 1018 quibus
774 944 1023 1004 nitorem
1071 953 1130 1004 et
1186 946 1556 1005 altitudinem
1587 950 1790 1007 horum
1840 955 2165 1034 temporum

422 1044 847 1118 adgnoscimus.
973 1046 1189 1103 Sordes
1248 1052 1446 1105 autem
1513 1051 1820 1106 verborum
1882 1056 1943 1106 et
1991 1048 2363 1154 &9920ssss

419 1143 769 1217 compositio
790 1149 850 1202 et
877 1143 1163 1202 inconditi
1185 1163 1390 1204 sensus
1420 1147 1684 1228 redolent
1636 1147 2160 1244 ffuquitatem

419 1259 532 1301 nec
586 1260 928 1317 quemquam
970 1245 1119 1301 adeo
1159 1204 1601 1319 antiquarium
1589 1249 1745 1319 putot
1786 1252 1848 1303 ut
1890 1245 2162 1305 Coelium

418 1360 496 1401 cx
524 1358 596 1398 ea
619 1349 780 1414 parte
824 1343 1041 1409 laudet,
1068 1360 1181 1416 qua
1234 1343 1508 1419 antiquus
1555 1350 1663 1401 est.
1749 1345 2158 1403 concedamus

415 1459 562 1500 sane
604 1443 676 1499 C.
721 1443 981 1508 Caesari,
1021 1448 1083 1499 ut
1124 1448 1360 1517 propter
1412 1443 1877 1517 magnitudinem
1941 1444 2160 1518 cogita·

417 1540 642 1599 tionum
664 1546 725 1598 et
746 1540 1163 1615 occupationes
1181 1559 1369 1599 rerum
1388 1542 1579 1599 minus
1598 1542 1659 1599 in
1676 1543 2009 1618 eloquentia
2028 1544 2162 1601 effe-

416 1639 586 1706 cerit,
611 1657 785 1714 qnam
811 1639 1080 1697 divinum
1119 1640 1245 1698 eius
1288 1641 1590 1715 ingenium
1622 1645 1947 1715 postulabat
1977 1663 1992 1700 ε
2037 1648 2158 1700 tam

416 1739 675 1804 hercule,
721 1756 892 1812 quam
941 1740 1186 1797 Brutum
1237 1739 1642 1813 philosophiae
1682 1758 1824 1799 suae
1873 1742 2160 1817 relinqua·

416 1855 562 1896 mus.
644 1840 823 1902 Nam,
878 1838 941 1895 in
981 1839 1341 1897 orationibus
1382 1841 1666 1898 minorem
1694 1858 1823 1898 esse
1852 1840 2004 1898 fama
2035 1857 2159 1910 sua,

415 1936 595 1996 etiam
613 1937 987 1994 admiratores
1014 1937 1139 1995 eius
1168 1938 1439 1996 fatentur.
1523 1940 1579 1995 N
1585 1956 1657 1995 ec
1684 1939 1829 1997 forte
1851 1940 2155 2015 quisquam

413 2042 510 2096 sut
583 2036 853 2096 Caesaris
924 2054 1026 2112 pro
1095 2037 1291 2096 Decio
1367 2037 1654 2107 Samnite,
1693 2044 1795 2100 aut
1843 2039 2010 2097 Bruti
2054 2056 2159 2115 pro

415 2137 702 2198 Deiotaro
730 2138 915 2211 Rege,
978 2144 1318 2211 ceterosque
1361 2137 1621 2197 eiusdem
1672 2138 2044 2239 lentitudinis
2085 2156 2159 2198 ac

414 2237 631 2310 teporis
672 2237 847 2294 libros
897 2237 1060 2310 legit,
1103 2236 1215 2294 nisi
1256 2236 1354 2311 qui
1404 2241 1470 2294 et
1523 2228 1793 2297 carmina
1814 2198 2158 2312 εοιιιιῗῖιειιι

413 2335 671 2397 miratur.
708 2336 977 2392 fecerunt
1016 2335 1175 2399 enim
1231 2341 1291 2392 et
1320 2335 1583 2399 carmina
1620 2342 1680 2393 et
1722 2337 1785 2394 in
1828 2337 2156 2402 Bibliothe-

414 2452 517 2494 cas
557 2437 894 2502 retuderunt,
934 2452 1055 2499 non
1096 2435 1304 2496 melius
1339 2453 1512 2510 quam
1555 2437 1793 2502 Cicero,
1822 2444 1881 2496 at
1911 2438 2160 2515 felicius,

416 2535 553 2611 quia
573 2533 714 2595 illos
748 2533 962 2591 secisse
993 2533 1296 2607 pauciores
1335 2535 1548 2593 sciunt.
1634 2536 1881 2594 Asinius
1910 2555 2168 2613 quoque,

414 2651 758 2711 quamquam
801 2634 1155 2707 propioribus
1184 2634 1540 2708 temporibus
1584 2639 1753 2692 natus
1777 2635 1876 2703 sit,
1918 2637 2156 2702 videtur

415 2735 562 2797 mihi
584 2734 738 2792 inter
754 2733 1065 2795 Menenios
1094 2739 1154 2792 et
1181 2733 1408 2808 Appios
1433 2734 1740 2791 studuisse.
1825 2733 2154 2800 Pacu-vium

415 2841 577 2893 certe
638 2839 699 2891 et
769 2833 999 2891 Attium
1035 2851 1176 2893 non
1235 2834 1420 2891 solum
1463 2832 1800 2906 tragoediis,
1836 2834 1941 2890 sed
1972 2835 2154 2899 etiam

418 2932 778 2992 orationibus
819 2933 936 2989 suis
990 2931 1316 3006 expressit:
1360 2932 1511 2988 adeo
1532 2933 1712 2995 durus
1740 2938 1801 2988 et
1826 2932 2022 2991 siccus
2043 2939 2153 2992 est.

418 3032 623 3093 Oratio
641 3037 853 3100 autem,
874 3031 1030 3094 sicut
1047 3048 1254 3104 corpus
1274 3030 1546 3098 hominis,
1565 3047 1639 3088 ea
1676 3033 1912 3089 demum
1953 3035 2154 3106 pulcra

413 3138 525 3202 est,
564 3131 628 3189 in
666 3148 781 3206 qua
819 3147 938 3187 non
978 3120 1241 3189 eminent
1285 3146 1493 3198 venae,
1534 3148 1647 3188 nec
1696 3148 1824 3187 ossa
1855 3149 2161 3189 numeran-

418 3238 530 3296 tur,
571 3231 673 3288 sed
714 3233 1065 3303 temperatus
1132 3246 1203 3287 ac
1243 3229 1427 3286 bonus
1468 3229 1703 3303 sanguis
1733 3230 1938 3304 implet
1976 3247 2154 3290 mem-

477 3406 669 3464 Prupter
687 3419 835 3463 magn.
856 3405 1031 3466 cog-ilat]
1093 3403 1272 3451 Videsis
1291 3403 1448 3457 Quint.
1472 3405 1540 3462 10,
1564 3406 1604 3459 l,
1632 3407 1726 3452 11⁴.
1788 3404 1911 3452 vell.
1938 3405 1996 3459 Π,
2018 3407 2090 3452 41.

478 3484 611 3538 Inter
629 3484 752 3531 Men.
777 3489 817 3542 et
835 3483 1016 3545 Appios]
1080 3482 1260 3535 Quinet.
1287 3486 1356 3541 10,
1381 3486 1422 3540 l,
1447 3485 1543 3530 113.
1585 3481 1778 3529 Asinius
1798 3483 1946 3529 Pollio
1961 3497 1989 3528 a
2009 3485 2153 3531 nitore

415 3551 463 3599 ιι
480 3544 762 3600 iucunditate
780 3543 1007 3592 Ciceronis
1023 3543 1088 3592 ιἰα
1106 3544 1234 3601 longe
1250 3543 1384 3604 abest,
1414 3546 1467 3592 ut
1495 3542 1641 3591 videri
1662 3542 1797 3605 possit
1812 3543 1985 3592 saeculo
2007 3543 2153 3602 prior,
