2532 4164
1025 301 1180 348 cAP.
1223 283 1335 349 14.
1395 282 1506 348 15.
1978 283 2117 347 125

386 454 756 513 scholasticis
784 455 1198 514 controversiis
1225 454 1485 522 recessit,
1513 458 1574 512 et
1600 453 1781 512 otium
1808 471 1970 512 suum
2001 471 2117 512 ma·

386 557 517 612 vult
555 572 834 613 novorum
864 556 1153 614 rhetorum
1191 574 1368 622 more,
1407 571 1579 629 quam
1622 559 1886 611 veterum
1932 559 2116 612 orato-

293 709 300 712 ,
385 670 528 720 rum,
577 672 933 712 consumere·

468 754 629 811 Tum
662 756 842 828 Aper,
870 755 1010 812 Non
1037 754 1278 823 desinis,
1325 754 1600 822 Messala,
1649 759 1851 811 vetera
1892 758 2114 811 tantum
2140 740 2218 797 15

385 856 447 908 et
493 852 736 926 ‘antiqua
776 853 987 919 mirari,
1031 862 1349 911 nostrorum
1398 860 1591 911 autem
1632 860 1954 927 temporum
2004 859 2117 911 stu·
2172 887 2173 890 =

387 950 485 1008 dia
525 951 776 1009 inridere
830 958 1003 1027 atque
1050 951 1477 1010 contemnere?
1545 953 1702 1010 Nam
1760 951 1914 1011 hunc
1958 961 2119 1011 tuum

386 1067 711 1112 sermonem
765 1068 941 1124 saepe
996 1052 1228 1124 excepi,
1289 1068 1443 1118 cum,
1498 1051 1710 1108 oblitus
1769 1059 1828 1109 et
1884 1058 2015 1109 tuae
2057 1058 2118 1109 et

386 1149 575 1207 fratris
618 1149 702 1207 tui
758 1150 1147 1225 eloquentiae,
1206 1151 1503 1207 neminem
1546 1151 1658 1208 hoc
1701 1154 1956 1226 tempore
1996 1168 2118 1209 ora-

390 1253 570 1306 torem
610 1266 738 1305 esse
779 1250 1208 1307 contenderes:
1270 1254 1441 1323 atque
1483 1249 1542 1305 id
1583 1266 1673 1316 eo,
1715 1251 1909 1317 credo,
1946 1251 2117 1307 auda-

388 1348 534 1414 cius,
586 1349 736 1422 quod
794 1347 1173 1421 malignitatis
1233 1347 1571 1420 opinionem
1640 1363 1757 1405 non
1800 1349 2115 1411 verebaris,

387 1463 519 1503 cum
547 1464 676 1505 eam
704 1447 966 1532 gloriam,
994 1465 1164 1522 quam
1194 1442 1298 1505 tibi
1322 1447 1425 1504 alii
1463 1448 1814 1517 concedunt,
1856 1448 1981 1521 ipse
2010 1448 2116 1505 tibi

387 1545 722 1619 denegares.

468 1645 676 1719 Neque
739 1645 911 1718 illius,
958 1646 1163 1722 inquit,
1210 1648 1491 1706 sermonis
1534 1648 1648 1705 mei
1695 1647 2115 1721 poenitentiam

386 1760 537 1817 ag03
580 1762 766 1819 neque
806 1751 903 1802 aut
946 1747 1298 1814 Secundum,
1320 1753 1418 1803 aut
1448 1748 1796 1815 Maternum,
1845 1753 1944 1804 aut
1973 1748 2115 1819 teip-

383 1860 527 1909 sum,
557 1845 736 1916 Aper,
774 1841 1143 1920 (quamquam
1173 1847 1462 1903 interdum
1490 1846 1551 1902 in
1595 1846 1947 1903 contrarium
2000 1846 2114 1903 dis·

385 1943 578 2019 putes)
617 1944 786 2001 aliter
811 1944 1034 2027 sentire
1067 1946 1258 2001 credo.
1346 1946 1438 2002 Ac
1471 1945 1646 2002 velim
1669 1944 2016 2018 inpetratum
2040 1948 2113 2001 ab

381 2042 574 2117 aliquo
618 2048 889 2110 vestrum,
913 2050 975 2100 ut
1002 2061 1236 2102 caussas
1259 2043 1427 2101 huius
1455 2043 1719 2101 infinitae
1748 2044 2113 2102 differentiae

383 2147 667 2200 scrutetur
733 2160 804 2205 ac
861 2145 1080 2211 reddat,
1140 2161 1282 2217 quas
1330 2160 1556 2200 mecum
1610 2144 1736 2216 ipse
1779 2145 2112 2216 plerumque

382 2241 677 2316 conquiro.
758 2241 856 2309 Et,
918 2243 1068 2315 quod
1124 2243 1465 2316 quibusdam
1532 2243 1741 2300 solatio
1806 2248 1914 2312 est,
1969 2242 2112 2300 mihi

382 2346 555 2415 auget
583 2342 1000 2416 quaestionem,
1029 2341 1163 2416 quia
1181 2343 1387 2410 video,
1435 2342 1612 2400 etiam
1644 2342 1837 2400 Graiis
1866 2344 2134 2401 accidis·'

383 2458 467 2506 se,
493 2447 555 2498 ut
578 2443 783 2514 longus
805 2441 954 2498 absit
973 2442 1279 2499 Aeschine
1300 2448 1361 2499 et
1384 2423 1787 2499 Demosthene
1810 2459 1879 2500 ac
1906 2443 2108 2500 Sacer·

380 2541 485 2597 dos
507 2540 617 2597 iste
648 2541 911 2608 Nicetes,
939 2545 998 2597 et
1020 2541 1070 2597 si
1097 2540 1222 2616 quis
1250 2541 1397 2598 alius
1443 2541 1739 2614 Ephesum
1778 2544 1875 2598 vel
1929 2540 2110 2614 Mity-

377 2628 542 2697 lenhs
595 2645 905 2698 contentus
968 2641 1447 2699 scholasticorum
1499 2641 1846 2699 clamoribus
1898 2642 2106 2719 quatit,

433 2814 613 2862 Fratris
632 2816 701 2861 tui
720 2815 1027 2920 eloquentiae}²
1067 2815 1177 2867 Quis
1199 2816 1272 2862 hic
1292 2816 1522 2863 Messaiae
1539 2816 1719 2866 frater?
1749 2822 1860 2878 puto
1882 2818 2105 2875 Regulum

375 2874 442 2919 int
491 2875 581 2932 ligi,
601 2874 742 2930 illum,
777 2874 853 2934 qui
872 2891 968 2921 cum
1028 2873 1137 2920 linio
1157 2876 1266 2921 vixit
1287 2882 1335 2920 et
1354 2876 1500 2923 floruit
1531 2876 1681 2933 lingna
1701 2877 1837 2935 magis
1856 2892 1986 2936 quam
2008 2877 2104 2922 vita

375 2934 449 2979 lau
485 2939 596 2980 atus.
660 2934 869 2992 Suspicor
887 2948 941 2980 ex
971 2935 1132 2980 Tacito
1149 2934 1269 2980 Hist.
1296 2936 1377 2990 IV,
1398 2939 1468 2982 42.
1535 2935 1750 2993 Magnam
1768 2950 1813 2980 eo
1831 2936 1903 2982 die
1930 2936 2103 2990 pietatis

374 2993 721 3051 eloquentiaeque
735 2992 917 3049 sarnum
941 2993 1180 3050 Vipsanius
1208 2994 1398 3039 Messala
1416 2995 1596 3050 adeptus
1614 3000 1688 3049 est,
1709 2995 1909 3040 nondum
1927 2994 2102 3041 Senato-

373 3052 447 3096 rio
476 3057 626 3107 aetate,
657 3065 792 3097 ausus
818 3067 899 3107 pro
913 3053 1072 3109 fratre
1106 3053 1292 3113 Aquilio
1328 3052 1504 3112 Regulo
1539 3054 1780 3110 deprecari.
1841 3053 1964 3110 Lips.
2029 3054 2102 3099 De

373 3110 550 3168 Regulo
571 3126 613 3155 v.
637 3111 749 3157 Pliu.
778 3112 860 3170 Ep.
890 3116 928 3169 1,
948 3117 991 3158 5.
1016 3116 1057 3167 4,
1076 3118 1117 3158 7.

430 3189 635 3235 Sacerdos
653 3190 750 3250 iste]
816 3191 998 3236 Nicetes
1028 3191 1243 3237 Sacerdos
1271 3191 1546 3237 declamator
1575 3192 1735 3238 nobilis
1757 3207 1812 3238 eo
1831 3205 1959 3247 aevo,
1985 3191 2101 3236 Plin-

371 3249 439 3295 ius
461 3249 544 3307 ΕΡ.
570 3249 654 3302 Vl,
673 3252 716 3294 6.
752 3250 925 3294 audisse
953 3263 1052 3295 eum
1083 3251 1260 3296 fatetur.
1326 3251 1444 3296 Erat
1471 3267 1561 3298 non
1590 3253 1884 3297 studiosorum
1912 3255 2100 3305 tantum,

371 3322 528 3354 verum
550 3308 678 3352 etiam
698 3309 947 3354 studiorum
967 3310 1310 3362 amantissimus,
1332 3325 1382 3353 oc
1408 3326 1539 3367 prope
1558 3310 1750 3369 quotidie
1769 3311 1828 3354 acl
1845 3310 2101 3362 audiendos,

372 3381 474 3424 quos
503 3370 611 3470 tubni
641 3381 715 3423 ego
728 3368 1087 3428 frequentabam,
1126 3368 1494 3421 Quinctilianum
1532 3375 1571 3417 et
1598 3369 1872 3416 Sacerdotem
1902 3369 2104 3416 Nicetern

370 3426 535 3471 ventila
564 3441 590 3470 α
614 3461 623 3472 .

454 3525 595 3563 von.
641 3526 735 3564 nr.
1303 3507 1428 3566 11²¹⁶¹
