2532 4164
976 292 1135 339 cAP.
1187 273 1529 340 23.—25.
1990 276 2078 342 31

342 449 710 525 suggerendo
738 449 1011 522 quantum
1034 446 1481 520 concupiscunt,
1521 448 1674 507 haud
1695 447 1886 507 minus
1911 446 2087 508 facile

344 550 534 613 vitiis,
562 567 733 624 quam
768 550 961 612 armis,
1006 547 1334 605 vincentur.

425 649 630 706 Genus
671 649 1137 719 spectaculorum
1170 664 1344 704 unum
1387 651 1558 721 atque
1605 646 1667 704 in
1706 649 1870 706 omni
1913 655 2087 708 coetu
2108 641 2194 700 2⁴1

342 748 522 807 idem.
641 748 802 804 Nudi
830 747 1097 812 iuvenes,
1150 746 1355 819 quibus
1396 747 1457 803 id
1488 749 1769 804 ludicrum
1800 757 1908 816 est,
1935 749 2091 808 inter

341 850 568 926 gladios
590 866 653 904 se
681 856 853 920 atque
883 846 1119 903 infestas
1149 847 1396 903 frameas
1422 849 1573 904 saltu
1600 848 1844 905 iaciunt.
1907 850 2090 909 Exer-

344 948 553 1008 citatio
579 955 762 1005 artem
810 946 1054 1018 paravit,
1082 964 1172 1002 ars
1199 948 1492 1002 decorem.
1535 964 1649 1003 non
1698 948 1760 1005 in
1789 955 2089 1021 quaestum

344 1053 562 1113 tamen,
631 1054 730 1109 aut
785 1048 1136 1103 mercedem.
1191 1048 1459 1119 quamvis
1514 1047 1752 1104 audacis
1808 1050 2104 1109 lasciviae·

343 1148 593 1222 pretium
648 1154 756 1211 est,
802 1147 1070 1218 voluptas
1124 1145 1533 1215 spectantium.
1646 1139 1857 1204 Aleum
1911 1144 2092 1223 (quod

347 1243 586 1322 mirere)
625 1244 801 1302 sobrii
848 1244 1002 1301 inter
1052 1244 1204 1301 seria
1256 1250 1561 1311 exercent,
1611 1251 1773 1302 tanta
1830 1246 2093 1305 lucrandi

347 1346 707 1419 perdendive
755 1344 1105 1408 temeritate,
1162 1347 1240 1410 ut,
1300 1360 1432 1400 cum
1488 1343 1685 1400 omnia
1733 1344 2092 1413 defecerunt,

346 1451 615 1501 extremo
636 1460 704 1498 ac
732 1441 1051 1501 novissimo
1076 1441 1230 1499 iactu
1260 1444 1335 1499 de
1368 1443 1635 1499 libertate
1664 1450 1723 1500 et
1750 1445 1823 1499 de
1851 1461 2094 1518 corpore

345 1543 725 1599 contendant.
847 1540 1060 1597 Victus
1110 1541 1496 1598 voluntariam
1544 1542 1886 1600 servitutem
1952 1545 2094 1602 adit.

342 1641 613 1717 quamvis
638 1639 926 1706 iuvenior,
976 1639 1241 1712 quamvis
1292 1641 1592 1708 robustior,
1642 1642 1887 1716 adligari
1914 1662 1977 1700 se
2022 1661 2094 1703 ac

352 1741 560 1798 venire
612 1740 841 1811 patitur.
884 1756 955 1795 ea
1010 1746 1097 1795 est
1143 1739 1308 1833 inre
1358 1758 1538 1812 prava
1569 1740 1939 1812 pervicacia:
1967 1743 2095 1817 'ipsi

350 1841 525 1898 tidem
556 1845 794 1896 vocant.
827 1839 1041 1894 Servos
1090 1820 1447 1894 coiidi‘tibnis
1495 1839 1662 1896 huius
1691 1859 1793 1913 per
1818 1858 2097 1900 commer-

352 1940 449 1998 cia
505 1941 756 2006 tradunt,
798 1945 860 1996 ut
915 1956 978 1994 se
1034 1956 1258 2014 quoque
1290 1940 1503 2012 pudore
1561 1941 1847 1998 victoriae
1908 1943 2097 1999 exsol-

355 2044 518 2098 vant.
794 2021 799 2027 ’
2129 2079 2135 2084 -

431 2139 660 2197 Ceteris
702 2137 909 2201 servis,
940 2156 1055 2194 non
1110 2138 1170 2194 in
1202 2142 1457 2195 nostrum
1513 2155 1747 2203 morem,
1790 2138 2094 2212 descriptis
2116 2128 2200 2187 25

352 2256 461 2313 per
502 2238 780 2295 familiam
840 2237 1193 2304 ministeriis,
1249 2241 1498 2294 utuntur.
1623 2239 1802 2294 Suam
1856 2239 2095 2314 quisque

353 2340 574 2402 sedem,
601 2355 733 2393 suos
776 2336 1025 2392 Penates
1056 2336 1221 2411 regit.
1307 2336 1613 2394 Frumenti
1655 2341 1883 2395 modum
1914 2339 2097 2398 ‹lomi-

352 2456 484 2504 ιιυε,
510 2443 608 2494 aut
651 2436 901 2510 pecoris,
929 2443 1027 2493 aut
1084 2437 1286 2503 vestis,
1314 2443 1376 2493 ut
1428 2439 1659 2505 colone,
1714 2437 1991 2512 injungit:
2034 2444 2096 2500 et

359 2593 640 2638 emendatur.
714 2592 855 2637 Janus
893 2592 1134 2637 Taddaeus
1172 2590 1228 2635 ad
1269 2591 1384 2636 hunc
1420 2589 1568 2637 Taciti
1604 2591 1748 2637 locum
1785 2591 2097 2641 illustrandum

358 2652 530 2711 scripsit
551 2651 751 2696 libellum
772 2652 825 2696 de
844 2651 1174 2696 Germanorum
1193 2655 1389 2696 veterum
1407 2650 1618 2696 aviditate
1630 2650 1826 2708 bibendi,
1841 2652 1886 2698 in
1899 2666 1988 2710 quo
2008 2667 2098 2701 non

358 2715 453 2757 tan·
473 2711 721 2757 Germanos
739 2718 915 2771 purgat,
939 2724 1072 2770 quam
1092 2715 1264 2754 ceteros
1285 2710 1471 2769 populos
1486 2716 1679 2756 accusat.

359 2773 755 2896 2⁴¹{altujaciu'nt]
818 2789 922 2840 Quo
952 2789 1010 2834 de
1038 2789 1134 2834 lusu
1159 2788 1437 2848 Apollinaris
1477 2788 1686 2836 Sidonius
1715 2788 1850 2836 earm
1883 2789 1940 2836 V.
1976 2805 2098 2837 vers„

594 2929 847 2974 Excussisse
865 2928 977 2975 citas
995 2931 1167 2972 vastum
1188 2925 1419 2985 perinane
1437 2924 1664 2986 bipennes,

593 2988 657 3033 Et
675 2988 835 3047 plagae
852 2986 1072 3047 prae-cisse
1094 2987 1251 3038 locum,
1284 2986 1555 3044 clypeosque
1577 2992 1743 3043 rotare,

596 3046 748 3093 Ludus
769 3056 813 3091 et
835 3048 1023 3092 intortas
1040 3046 1311 3114 praecedere
1342 3043 1527 3090 saltibus
1549 3044 1712 3099 hastas,

596 3106 735 3165 inque
756 3107 930 3151 hostem
952 3119 1122 3149 ventsse
1142 3104 1276 3164 prius.
1340 3103 1591 3149 Puerilibus
1621 3103 1745 3149 annis

595 3165 681 3211 Est
701 3165 810 3211 belli
831 3171 1027 3210 maturus
1052 3178 1188 3208 amor.

388 3289 391 3292 Α
421 3241 583 3289 Fidem
604 3243 779 3305 υοεαπὶ]
842 3243 971 3289 Haec
990 3248 1056 3288 est
1079 3241 1197 3297 fides,
1220 3254 1310 3301 qua
1330 3254 1504 3300 semper
1525 3240 1680 3298 viguit,
1702 3254 1960 3300 semperque
1978 3241 2098 3302 vige-

361 3300 429 3347 bit
466 3302 582 3348 alea.
647 3302 770 3348 Vere
804 3302 923 3347 enim
963 3302 1016 3347 D.
1053 3300 1311 3347 Ambrosius
1349 3301 1431 3345 loc.
1465 3299 1540 3345 cit.
1605 3298 1754 3344 Habet
1791 3301 1960 3345 erclen
1996 3317 2100 3349 maa

358 3362 492 3420 leges,
512 3361 731 3419 quassari
745 3360 860 3418 jura
881 3375 972 3407 non
989 3361 1170 3406 solvant.
1237 3359 1435 3405 Notatur
1469 3359 1529 3418 (si
1565 3358 1689 3403 credi
1715 3359 1866 3415 potest)
1885 3359 2098 3418 infamia,

361 3421 439 3479 qui
455 3420 679 3476 putaverit
696 3420 997 3471 renitendum,
1021 3424 1060 3465 et
1092 3418 1341 3476 infamium
1378 3417 1589 3462 sententia
1615 3418 1818 3474 gravius,
1849 3433 1982 3476 quam
2001 3434 2099 3465 cen-

360 3492 464 3525 sura
476 3478 718 3536 judicialis
746 3478 899 3524 inurit
931 3478 1235 3536 opprobrium.
1295 3476 1427 3524 Hanc
1450 3477 1580 3523 tidem
1618 3476 1895 3537 retinemus3
1927 3485 1974 3525 et
1995 3476 2103 3525 inde

360 3537 487 3585 nobis
507 3539 651 3586 Debts
665 3538 913 3600 ᾳῙΙιοποτιν.
