2532 4164
400 264 545 333 uo
771 284 867 331 m:
921 275 1384 331 oaAroamvs
1438 280 1798 330 mALons

389 438 583 499 destia
622 438 1308 546 flcffgfffloeljerbofflm,
1355 435 1499 510 ipsis
1546 434 1747 505 etiam,
1794 435 2000 512 quibus
2028 438 2142 497 uti-

391 543 504 607 tur,
543 539 716 596 armis
755 515 1190 611 “ineii‘mpositus
1242 542 1307 596 et
1359 537 1554 594 studio
1606 538 1853 596 feriendi
1894 541 2140 611 pierum-

391 657 503 715 que
557 639 840 712 dejectus,
897 655 1014 695 non
1070 643 1305 712 pugnat,
1359 638 1463 694 sed
1520 636 1759 695 rixatur.
1842 639 2140 709 Ceterum,

389 747 456 797 ut
509 738 656 805 dixi,
707 738 1085 813 sequentibus
1133 745 1520 810 comparatus,
1572 742 1635 794 et
1680 737 1969 795 varietate
2017 755 2143 797 eru-

391 839 633 898 ditionis
661 844 720 896 et
778 829 973 911 lepb're
1020 838 1365 896 urbanitatis
1406 845 1467 896 et
1517 838 1769 911 ipsarum
1818 839 2029 896 virium
2059 857 2144 899 ro-

391 939 530 997 bore
593 900 1141 995 munufff‘sieteros
1194 942 1472 1010 superat:
1537 954 1776 1011 quor-um
1844 940 2142 997 neminem

394 1038 562 1110 Aper
592 1037 889 1094 nominare
944 1041 1004 1092 et
1055 1036 1309 1094 velutin
1337 1037 1529 1094 aciem
1571 1038 1821 1108 educere
1849 1037 2140 1106 sustinuit.

391 1136 525 1209 Ego
578 1144 771 1192 autem
828 1139 1264 1208 exspectabam,
1329 1145 1409 1205 ut,
1465 1136 1733 1193 incusato
1798 1137 2013 1194 Asinio
2080 1141 2143 1194 et

393 1236 606 1294 Coelio
659 1242 720 1292 et
791 1236 1003 1299 Carvo,
1052 1237 1209 1292 atiud
1273 1235 1439 1292 nobis
1510 1254 1723 1309 agmen
1778 1238 2146 1309 produceret,

392 1338 684 1409 plurisque
742 1337 837 1390 vel
894 1343 1055 1391 certe
1113 1336 1356 1391 totidem
1410 1336 1759 1401 nominaret,
1813 1354 1891 1392 ex
1934 1336 2141 1409 quibus

392 1435 572 1492 alium
605 1434 904 1500 Ciceroni,
933 1437 1111 1496 atium
1164 1435 1429 1499 Caesari,
1475 1435 1720 1508 singulis
1772 1436 2005 1492 demum
2033 1435 2148 1492 sin-

393 1536 579 1606 gulos,
631 1551 1075 1604 opponeremus.
1198 1535 1395 1600 Nunc,
1450 1535 1813 1591 ‘detrectasse
1882 1534 2142 1592 nomina-

392 1632 500 1689 tim
556 1632 825 1704 antiquos
878 1641 1133 1689 oratores
1181 1639 1512 1700 contentus,
1563 1634 2145 1706 neminem-‚sequen-

393 1729 543 1787 tium
572 1732 806 1787 laudare
834 1748 1006 1788 ausus
1054 1738 1163 1794 est,
1186 1732 1301 1789 nisi
1341 1733 1402 1788 in
1457 1733 1851 1804 pubiicum-et
1896 1733 1962 1792 iu
1991 1748 2147 1790 com·

394 1845 614 1888 mune:
689 1830 926 1896 veritus,
995 1833 1193 1897 eredo,
1261 1849 1338 1888 ne
1408 1834 1619 1889 multos
1691 1833 2031 1900 offenderet,
2096 1830 2149 1889 si

396 1946 615 2004 paucos
667 1930 1077 2020 excerpsisset.
1116 1938 1322 2004 quotus
1363 1933 1523 1988 enim
1564 1932 1804 2005 quisque
1845 1930 2148 1989 scholasti·
2184 1929 2189 1936 ’

396 2045 597 2088 corum
648 2002 920 2088 ababuc
968 2047 1071 2087 sua
1122 2032 1494 2104 persuasione
1537 2031 1759 2096 fruitur,
1804 2035 1865 2087 ut
1919 2047 1982 2088 se
2027 2047 2145 2091 non

396 2130 631 2205 quidem
674 2138 811 2187 ante
875 2130 1226 2188 Ciceronem
1283 2137 1565 2197 numeret,
1621 2132 1728 2188 sed
1784 2132 1958 2204 piane
2015 2135 2148 2204 post

400 2228 844 2288 Gabinianum?

293 2332 378 2397 27
483 2331 568 2387 At
621 2345 733 2402 ego
774 2346 890 2386 non
935 2330 1180 2385 verebor
1219 2329 1520 2386 nominare
1580 2329 1855 2402 singulos,
1897 2346 2010 2401 quo
2071 2326 2149 2387 fa·

398 2428 590 2495 cilius,
620 2428 926 2501 propositis
954 2429 1264 2499 exemptis,
1318 2436 1613 2502 appareat,
1641 2429 1846 2504 quibus
1874 2430 2146 2504 gradibus

398 2527 584 2585 fracta
610 2528 685 2584 sit
715 2534 775 2584 et
801 2528 1100 2584 deminuta
1127 2529 1484 2602 eloquentia.

501 2628 862 2699 Appi-opera,
928 2628 1116 2701 inquit
1186 2628 1508 2694 Maternus,
1573 2633 1637 2685 et
1701 2627 1892 2701 potius
1959 2629 2148 2685 exsol-

401 2743 481 2783 ve
541 2727 903 2798 promissum.
1004 2728 1212 2801 Neque
1255 2727 1416 2784 enim
1458 2729 1572 2784 hoc
1611 2727 1817 2802 colligi
1857 2727 2150 2783 desidera-

401 2842 549 2891 mus,
586 2824 919 2883 disertiores
960 2844 1089 2883 esse
1145 2827 1448 2899 antiquos,
1508 2828 1660 2901 quod
1702 2828 1852 2898 apud
1895 2844 1988 2883 me
2028 2826 2149 2900 qui·

400 2925 537 2982 dem
576 2925 640 2981 in
680 2925 947 2982 confesso
988 2931 1097 2991 est,
1136 2927 1241 2982 sed
1289 2943 1525 2983 caussas
1590 2926 1966 3000 exquirimus,
2008 2942 2151 2998 quas

400 3028 464 3081 te
504 3023 737 3081 solitum
798 3031 1063 3090 tractare,
1122 3027 1318 3099 paullo
1357 3033 1493 3083 ante
1556 3025 1777 3093 dixisti,
1836 3028 2010 3098 plane
2049 3023 2153 3082 mi·

402 3122 517 3181 tior
575 3129 636 3179 et
690 3123 1057 3196 eloquentiae
1116 3130 1437 3197 temporum
1498 3131 1822 3182 nostrorum
1883 3141 2003 3182 non
2043 3124 2152 3182 ira·

462 3275 572 3346 Post
591 3275 921 3339 Gabinianum]
992 3277 1166 3325 Rhetor
1195 3278 1282 3325 fuit
1310 3277 1576 3340 Vespasiani
1607 3294 1738 3337 aevo,
1768 3279 1827 3349 de
1847 3294 1937 3349 quo
1970 3277 2152 3325 Eusebii

404 3334 657 3382 chronicon
679 3338 736 3381 ad
761 3336 896 3397 Vesp.
926 3351 968 3382 a.
1000 3341 1042 3383 8.
1077 3337 1366 3386 Gabinianus
1394 3340 1671 3385 celeberrimi
1698 3353 1895 3386 nomime
1926 3339 2076 3384 rhetor
2100 3339 2156 3385 in

406 3394 560 3440 Gallia
580 3396 741 3441 docuit.
801 3397 868 3441 lta
892 3396 1018 3452 tiber,
1040 3400 1115 3458 qui
1137 3400 1253 3458 apud
1280 3414 1349 3445 me
1370 3400 1707 3460 manuscriptus,
1729 3398 1892 3458 probus
1913 3405 2146 3459 vetusque.

404 3453 571 3512 Vulgo.
606 3453 829 3500 Gabinius
908 3455 1152 3502 Nominsnt
1186 3464 1233 3502 et
1273 3457 1579 3514 Hieronymus
1614 3464 1661 3503 et
1697 3456 1895 3505 Suetonii
1931 3457 2063 3502 index
2096 3456 2156 3502 de

404 3513 540 3629 233⁸
558 3513 831 3575 rhetoribus,
849 3515 973 3576 quod
992 3516 1276 3566 doctissimus
1303 3522 1353 3565 et
1379 3517 1574 3578 optimus
1603 3517 1649 3566 N
1654 3517 1709 3566 ic.
1731 3516 1882 3565 Faber
1901 3516 2154 3564 adnotavit.
