2532 4164
477 247 575 318 82
924 267 1099 317 ivan
1151 268 1396 317 mmo.
1446 269 1621 318 vru

475 424 665 487 fectis,
705 424 960 481 nondum
1006 427 1244 498 vulgato
1287 442 1528 490 rumore,
1569 429 1633 483 ut
1672 424 2014 483 miraculum
2056 442 2220 498 prae-

476 525 856 581 vebebantur.
901 541 1033 600 mox
1079 524 1189 579 hac
1230 533 1403 596 atque
1445 524 1548 581 illa
1593 528 1761 594 rapti,
1807 533 1863 581 et
1924 542 2058 582 cum
2102 529 2221 597 ple-

477 623 665 696 risque
710 623 1137 682 Britannorum.
1178 623 1281 679 s'ua
1329 623 1777 687 defensantium,
1820 626 2041 696 proelio
2080 642 2220 681 con·

478 724 677 795 gressi,
746 740 816 776 ac
871 740 1046 793 saepe
1112 723 1382 788 victores,
1445 722 1760 796 aliquando
1822 722 1988 794 pulsi,
2030 740 2105 778 eo
2141 724 2220 781 ad

478 830 803 879 extremum
833 820 1066 892 inopiae
1107 839 1344 883 venere,
1394 828 1453 877 ut
1497 822 1917 879 infirmissimos
1965 839 2216 889 suorum,

477 923 614 978 mox
657 929 809 976 sorte
848 922 1071 983 ductos,
1130 928 1520 977 vescerentur.
1608 922 1804 993 Atque
1846 922 1926 976 ita
1972 920 2221 978 circum·

477 1020 638 1077 vecti
695 1020 1077 1084 Britanniam,
1146 1019 1374 1075 amissis
1444 1037 1545 1090 per
1611 1018 1909 1077 inscitiam
1972 1017 2215 1093 regendi

478 1120 750 1187 navibus,
798 1136 900 1190 pro
945 1119 1330 1190 praedonibus
1375 1118 1577 1183 habiti,
1606 1120 1854 1194 primum
1901 1135 1937 1174 a
1981 1118 2216 1186 Suavis,

480 1236 615 1277 mox
640 1236 674 1275 a
705 1217 911 1275 Frisiis
934 1217 1246 1288 intercepti
1275 1223 1427 1273 sunt.
1457 1234 1527 1274 ac
1556 1217 1731 1282 fuere,
1762 1234 1904 1289 quos
1934 1235 2034 1289 per
2059 1234 2215 1275 com·

479 1317 696 1376 mercia
727 1318 1126 1380 venumdatos,
1154 1320 1216 1371 et
1242 1315 1304 1371 in
1337 1323 1590 1372 nostram
1621 1333 1799 1389 usque
1829 1317 2013 1388 ripam
2042 1320 2222 1390 muta-

481 1417 643 1474 tione
698 1415 1017 1473 ementium
1071 1415 1378 1479 adductos,
1462 1414 1744 1471 indicium
1835 1415 1985 1470 tanti
2053 1430 2224 1472 casus

482 1515 833 1572 inlustravit.
938 1513 1119 1570 Initio
1207 1513 1449 1571 aestatis
1532 1514 1829 1587 Agricola,
1900 1515 2226 1571 domestico

483 1616 728 1672 vulnere
757 1613 923 1678 ictus,
952 1630 1111 1670 anno
1138 1620 1275 1669 ante
1304 1618 1502 1670 natum
1531 1613 1711 1670 tilium
1735 1612 1945 1669 amisit.
2031 1614 2221 1685 Quem

482 1729 683 1771 casum
745 1730 952 1785 neque,
993 1720 1054 1768 ut
1116 1712 1396 1785 plerique,
1457 1712 1687 1769 fortium
1756 1711 2033 1783 virorum.
2103 1729 2221 1768 am-

486 1810 714 1877 bitiose,
779 1828 966 1884 neque
1034 1828 1136 1884 per
1204 1813 1462 1868 lamenta
1530 1828 1720 1866 rursus
1774 1827 1845 1867 ac
1908 1826 2228 1867 moerorem

485 1909 846 1969 muliebriter
892 1909 1043 1968 tulit.
1085 1917 1146 1966 et
1195 1909 1259 1967 in
1310 1912 1469 1967 luctu
1526 1910 1741 1967 bellum
1782 1911 1937 1967 inter
1978 1910 2232 1967 remedia

428 2017 438 2027 ’
488 2016 641 2069 erat.
1069 1997 1076 2002 ¹

378 2126 464 2186 29
570 2112 756 2184 Igitur
785 2110 1097 2183 praemissa
1125 2112 1336 2176 classe,
1356 2126 1504 2184 quae
1528 2108 1783 2182 pluribus
1818 2109 1964 2167 locis
1988 2109 2227 2181 praeda—

485 2214 567 2276 ta,
597 2227 868 2283 magnum
910 2215 969 2265 et
1010 2210 1298 2266 incertum
1353 2214 1627 2265 terrorem
1670 2208 1908 2276 faceret,
1950 2208 2230 2280 expedito

487 2309 774 2375 exercitu,
801 2307 898 2364 cui
924 2323 1001 2363 ex
1052 2307 1354 2363 Britannis
1402 2308 1741 2364 fortissimos
1771 2315 1832 2364 et
1882 2310 2055 2380 longa
2086 2324 2233 2380 pace

489 2408 823 2479 exploratos
852 2405 1171 2470 addiderat,
1200 2407 1272 2463 ad
1324 2412 1582 2463 montem
1632 2406 1977 2479 Grampium
2030 2424 2233 2481 perve-

490 2504 597 2570 nit,
638 2523 810 2580 quem
864 2498 980 2562 iam
1011 2505 1224 2561 'hostes
1274 2504 1627 2561 insederant.
1732 2506 1888 2562 Nam
1941 2505 2233 2574 Britanni,

490 2603 638 2663 nibil
667 2602 835 2660 fracti
879 2621 1105 2677 pugnae
1150 2603 1355 2677 prioris
1407 2610 1646 2671 eventu,
1701 2609 1761 2660 et
1808 2606 2093 2661 ultionem
2134 2608 2235 2662 aut

492 2702 800 2762 servitium
826 2708 1260 2775 exspectantes,
1311 2704 1661 2776 tandemque
1702 2703 1882 2769 docti,
1921 2720 2233 2760 commune

488 2801 814 2877 periculum
865 2802 1182 2859 concordia
1230 2802 1697 2874 propulsandum,
1745 2801 2131 2875 legationibus
2172 2807 2235 2859 et

489 2905 816 2963 foederibus
835 2906 1094 2962 omnium
1113 2903 1425 2962 civitatum
1456 2904 1611 2961 vires
1642 2905 2009 2964 exciverunt.
2092 2905 2242 2962 Iam·

488 3023 600 3082 que
647 3022 817 3080 super
843 3004 1083 3079 triginta
1131 3004 1321 3062 millia
1349 3010 1699 3062 armatorum
1743 3003 2237 3079 adspiciebantur,

546 3180 831 3287 Remigius]
891 3179 1018 3228 Brot.
1039 3179 1328 3239 remigmnte.
1375 3178 1508 3226 Clam
1537 3193 1585 3227 se
1605 3178 1893 3239 subducente,
1913 3183 1961 3226 et
1983 3179 2029 3226 in
2049 3177 2240 3241 patriam

490 3253 672 3287 remesn
727 3276 737 3287 .

538 3318 619 3365 ⁴Ut
653 3319 949 3381 miraculum]
1015 3320 1087 3367 lta
1120 3319 1313 3367 secunde
1353 3317 1733 3380 provehebantur,
1753 3323 1804 3364 ut
1836 3333 1908 3365 res
1938 3317 2236 3364 admiratione

489 3392 668 3441 prorsus
688 3378 822 3438 digna
855 3382 986 3424 esset.

552 3456 695 3504 Initio
728 3458 919 3519 ααεαιὺ]
986 3456 1122 3503 initio
1164 3456 1387 3527 ‘septimae
1424 3456 1644 3518 aestatim
1690 3469 1811 3504 anuo
1846 3455 1987 3504 Urbis
2024 3453 2247 3503 conditae

419 3544 428 3545 ff
499 3515 914 3578 DCCCXXXVH.
946 3516 1056 3565 Jesu
1066 3516 1237 3565 chum
1255 3519 1327 3565 8⁴.
