2532 4164
496 273 638 341 1:32
837 289 931 338 nn
985 289 1441 338 oRA‘roarnvs
1496 288 1853 338 nrAnoevs

1142 407 1154 417 ,
2150 381 2179 408 ι»

490 446 829 514 studiorum,
856 445 968 503 etsi
987 463 1126 528 *non
1156 444 1489 513 instructus,
1536 450 1597 501 at
1625 451 1784 503 certe
1820 432 2072 503 imbutus
2125 444 2223 514 sit,

491 546 663 603 novis
691 550 753 602 et
804 523 1111 619 exquisitis
1138 543 1511 617 eloquentiae,
1562 544 1864 601 itineribus
1916 562 2060 617 opus
2113 549 2221 615 est,

490 662 594 717 per
646 660 793 718 quae
837 649 1028 701 orator
1080 642 1376 700 fastidium
1443 642 1662 699 aurium
1717 641 1973 717 effugiat,
2020 643 2218 717 utique

491 743 643 815 apud
669 759 770 799 eos
819 741 1059 807 iudices,
1086 742 1183 814 qui
1224 741 1286 797 vi
1313 746 1412 798 aut
1440 747 1767 814 potestate,
1825 759 1941 799 non
1979 742 2102 799 iure
2157 745 2222 798 et

492 841 734 915 legibus,
782 845 1161 915 cognoscunt,
1209 845 1270 897 et
1298 857 1410 896 nec
1457 839 1754 912 accipiunt
1795 845 2070 913 tempora,
2114 840 2221 897 sed

492 924 870 1006 constituunt,
899 956 1011 997 nec
1032 939 1490 1012 exspectandum
1514 939 1728 995 habent
1751 945 2056 1010 oratorem,
2082 940 2222 997 dum

495 1037 583 1094 illi
608 1038 789 1094 libeat
817 1038 891 1094 de
921 1037 1049 1110 ipso
1076 1037 1312 1111 negotio
1332 1038 1548 1103 dicere,
1588 1038 1690 1093 sed
1717 1055 1895 1111 saepe
1926 1039 2074 1096 ultro
2121 1038 2220 1095 ad·

493 1142 752 1204 monent,
783 1143 953 1210 atque
981 1136 1102 1193 alio
1133 1136 1653 1210 transgredientem
1680 1142 1984 1204 revocant,
2020 1143 2080 1195 et
2107 1137 2216 1195 fes·

495 1235 680 1293 tiuare
703 1253 765 1292 se
794 1240 1093 1293 testantur.

387 1325 472 1384 20
576 1335 722 1405 Quis
750 1351 904 1391 nunc
948 1334 1094 1390 ferat
1119 1339 1408 1391 oratorem
1459 1334 1535 1391 de
1562 1332 1897 1392 infirmitate
1940 1333 2223 1391 valetudi-

493 1434 585 1491 nis
614 1451 750 1490 suae
780 1429 1183 1505 praesentem?
1224 1431 1416 1505 qualia
1442 1438 1575 1489 sunt
1605 1434 1722 1488 fere
1753 1432 2037 1505 principia
2069 1430 2214 1489 Cor·
2294 1487 2303 1492 -

495 1531 642 1589 vini.
726 1531 870 1602 Quis
899 1530 1148 1605 quinque
1170 1531 1231 1587 in
1257 1530 1508 1604 Verrem
1537 1531 1711 1588 libros
1738 1527 2223 1603 exspectaverit?

499 1630 644 1701 Quis
672 1630 746 1686 de
801 1629 1156 1702 exceptione
1183 1635 1243 1685 et
1298 1629 1542 1686 formula
1590 1630 1943 1701 perpetietur
1984 1629 2088 1687 illa
2139 1629 2229 1686 in-

496 1742 698 1784 mensa
727 1726 1048 1789 volumina,
1076 1742 1221 1800 quae
1252 1743 1356 1798 pro
1409 1725 1490 1782 M.
1536 1725 1908 1793 Tulliossssut
1951 1727 2027 1783 A.
2076 1726 2226 1783 Cae-

496 1826 633 1883 cina
670 1823 958 1900 legimus?
1019 1801 1369 1882 ⁴Praecurrit
1396 1824 1508 1881 hoc
1540 1830 1800 1897 tempore
1827 1825 2006 1883 iudex
2033 1825 2233 1881 dicen-

497 1930 639 1994 tem,
686 1930 767 1992 et,
821 1924 937 1982 nisi
965 1929 1063 1981 aut
1111 1941 1281 1981 cursu
1342 1929 1825 1997 argumentorum,
1874 1930 1973 1980 aut
2037 1925 2234 1981 colore

495 2024 934 2092 sententiarum,
987 2028 1086 2079 aut
1161 2021 1348 2087 nitore
1425 2027 1484 2079 et
1538 2024 1702 2079 cultu
1771 2022 2230 2095 descriptionum
2334 2056 2342 2065 ·

498 2123 784 2182 invitatus
838 2129 899 2180 et
962 2128 1278 2195 conruptus
1344 2129 1454 2193 est,
1527 2126 1828 2179 aversatur
1908 2121 2226 2179 dicentem.

498 2225 728 2297 Vulgus
768 2240 992 2297 quoque
1046 2221 1457 2309 adsistentium·
1504 2226 1563 2317 et
1616 2221 1873 2278 adfluens
1926 2227 1987 2278 et
2043 2239 2227 2295 vagus

497 2322 725 2378 auditor
752 2320 1020 2399 adpuevit
1046 2320 1163 2378 iam
1210 2320 1452 2394 exigere
1503 2320 1786 2377 laetitiam
1816 2326 1872 2376 et
1915 2321 2229 2391 pulchritu-

498 2419 695 2476 dinem
723 2419 1032 2489 orationis;
1077 2435 1186 2475 nec
1213 2419 1397 2489 magis
1418 2419 1629 2491 perfert
1649 2419 1708 2475 in
1741 2418 1972 2476 iudiciis
2002 2419 2228 2476 tristem
2306 2434 2319 2449 ·

500 2522 561 2574 et
587 2519 863 2591 inpexam
891 2516 1312 2590 antiquitatem,
1352 2534 1522 2591 quam
1550 2517 1599 2572 si
1631 2517 1755 2592 quis
1783 2517 1843 2574 in
1875 2534 2054 2575 scena
2086 2518 2231 2574 Ros·
2326 2576 2336 2585 ,

495 2616 580 2673 cii
628 2625 727 2673 aut
756 2615 1074 2687 Turpionis
1129 2615 1396 2673 Ambivii
1451 2596 1777 2688 e'xprimere
1807 2621 2001 2688 gestus
2059 2616 2228 2673 velit.

502 2717 628 2773 Iam
680 2733 820 2772 vero
848 2715 1111 2781 iuvenes,
1166 2714 1228 2770 in
1258 2714 1387 2787 ipsa
1425 2713 1740 2771 studiorum
1792 2715 2003 2771 incude
2035 2714 2231 2787 positi.

501 2815 598 2888 qui
628 2815 915 2887 profectus
968 2812 1058 2869 sui
1085 2829 1291 2869 caussa
1330 2818 1589 2870 oratores
1628 2817 1941 2880 sectantur,
1998 2830 2113 2870 non
2144 2796 2233 2870 so·

501 2988 682 3035 incurva
702 2990 831 3047 parte
849 2987 1015 3034 dixisse
1034 2984 1238 3032 videtur:
1270 2985 1427 3044 magni
1445 2986 1613 3033 eortina
1631 2986 1802 3032 theatri.
1866 2985 1986 3032 vide
2003 2986 2155 3043 etiam,
2174 3002 2233 3034 an

503 3062 590 3093 non
618 3049 816 3095 assistere
845 3047 915 3093 hic
948 3045 1129 3107 proprie
1165 3046 1224 3090 de
1260 3046 1436 3090 asseclis
1475 3052 1554 3090 aut
1587 3045 1846 3091 fautoribus.
1878 3045 1953 3106 qui
1986 3047 2152 3093 oratori
2185 3060 2236 3092 se

500 3107 815 3163 adiungebant.
880 3108 947 3152 lta
977 3104 1126 3150 statim
1149 3123 1159 3149 :
1205 3103 1384 3160 Vulgus
1410 3118 1575 3162 quoque
1602 3104 1899 3150 assistentium
1927 3109 1967 3149 el
1994 3105 2177 3163 qffluens
2195 3110 2237 3151 et

501 3180 641 3222 vagus
658 3165 853 3211 auditor.
908 3163 1151 3218 Distinguit
1171 3163 1230 3207 ab
1248 3163 1454 3208 auditore
1471 3164 1656 3208 sonuito
1675 3172 1723 3209 et
1741 3163 1926 3209 incerto.
1973 3163 2093 3220 Lips.
2160 3164 2233 3211 De

497 3239 656 3289 corona
678 3223 848 3270 nullum
881 3222 986 3268 mihi
1015 3221 1235 3281 dubium..
1275 3221 1475 3278 Scaliger
1506 3226 1654 3271 tamen
1684 3223 1743 3267 ad
1766 3222 1896 3269 Varr.
1927 3222 1979 3268 L.
2004 3223 2056 3269 L.
2086 3223 2167 3278 Vl,
2188 3227 2233 3269 3.

501 3289 621 3327 ineta
657 3284 810 3328 horam
840 3281 913 3327 hic
932 3280 1173 3338 adgnoscit,
1235 3295 1360 3325 arum
1392 3280 1593 3326 feliciter.
1654 3280 1725 3327 cf.
1748 3296 1784 3327 c.
1810 3284 1851 3327 6.
1877 3281 2068 3328 Certim
2087 3295 2239 3327 serva-

503 3349 576 3387 rat
642 3357 705 3387 rn.
728 3351 775 3386 et
796 3340 919 3387 Brot.
942 3339 1112 3386 Probat
1131 3345 1178 3384 et
1245 3354 1380 3384 ureau
1401 3339 1458 3384 de
1479 3338 1696 3386 Lamalle.

498 3420 608 3526 &E
673 3480 684 3489 .
741 3420 850 3489 ,tiae
878 3417 1134 3478 itineribus]
1199 3417 1398 3464 Insolens
1426 3424 1595 3478 tropus,
1625 3422 1860 3464 excusatur
1892 3422 2043 3463 tamen
2072 3418 2234 3475 altero,

534 3494 658 3603 ²er
682 3493 951 3616 ἇηΤιιίιίο]
1014 3555 1129 3601 Eam
1148 3553 1396 3601 orationem
1416 3554 1694 3616 deperditam
1719 3555 1875 3602 laudat
1894 3554 2160 3604 Macrobius
2178 3556 2238 3601 de

501 3615 597 3663 diff.
622 3620 670 3662 et
686 3630 775 3663 soc.
837 3613 998 3662 Graeci
1018 3613 1259 3674 latiniqtne
1279 3614 1417 3662 verbi.
1441 3629 1539 3676 cap.
1561 3615 1620 3662 de
1639 3619 1774 3676 temp.
1800 3614 2011 3674 perfecto.
