2532 4164
505 91 542 110 Ὺ

493 268 636 335 130
836 282 948 335 ms
981 285 1440 335 onnoamvs
1494 285 1850 335 nume-vs

485 442 600 500 hoc
641 441 874 500 interim
917 443 1187 515 probasse
1214 446 1528 499 contentus
1568 459 1711 511 sum,
1744 459 1860 499 non
1888 458 2018 499 esse
2046 459 2224 502 unum

485 541 852 616 eloquentiae
907 543 1150 607 vultum,
1191 541 1296 598 sed
1337 541 1398 597 in
1456 540 1575 597 illis
1630 553 1879 616 quoque,
1935 559 2078 616 quos
2120 558 2222 599 vo-

484 641 635 699 eatis
698 641 983 715 antiquos,
1065 643 1256 713 plures
1337 639 1565 711 speeies
1632 640 2037 713 deprehendi:
2106 656 2222 697 nee

484 742 682 799 statim
721 741 973 798 deterius
1013 757 1160 805 esse,
1191 740 1353 812 -quod
1406 739 1701 797 diversum
1743 745 1873 807 est3
1937 738 2087 795 vitio
2125 756 2222 796 au-

485 843 604 898 tem
644 838 1024 914 malignitatis
1069 840 1354 894 humanae
1397 844 1598 894 vetera
1656 855 1885 910 semper
1922 837 1986 894 in
2031 837 2223 903 laude,

485 937 811 1013 praesentia
851 938 912 994 in
955 936 1189 993 fastidio
1215 952 1362 992 esse.
1448 937 1604 993 Num
1630 937 1979 1003 dubitamus,
2007 935 2216 1009 inven-

479 1037 598 1098 tos,
640 1036 736 1110 qui
778 1053 914 1107 prae
977 1031 1206 1091 Catone
1272 1034 1527 1107 Appium
1570 1035 1829 1092 Caecum
1871 1034 2055 1107 magis
2110 1033 2216 1090 mi·
2267 1065 2272 1070 ·

485 1131 791 1191 rarentur?
859 1134 1017 1191 Satis
1053 1138 1304 1199 constat,
1368 1151 1442 1189 ne
1514 1132 1790 1191 Ciceroni
1851 1132 2084 1207 quidem
2120 1134 2219 1188 ob·

485 1238 822 1290 treetatores
882 1232 1154 1299 defuisse,
1196 1230 1399 1305 quibus
1440 1231 1672 1289 inflatus
1720 1236 1780 1287 et
1819 1237 2066 1297 tumens,
2109 1246 2222 1287 nee

484 1332 625 1388 satis
666 1348 909 1405 pressus,
948 1332 1050 1387 sed
1092 1347 1262 1402 supra
1304 1331 1537 1386 modum
1576 1332 1899 1396 exsultans,
1939 1334 2001 1385 et
2029 1343 2237 1402 super-·

482 1432 689 1498 fluens,
716 1435 776 1486 et
806 1446 1003 1501 parum
1050 1428 1286 1485 Atticus
1342 1413 1649 1484 videretur.
1733 1428 1988 1501 Legistis
2027 1427 2261 1501 utique.

483 1535 544 1586 et
571 1528 750 1585 Calvi
775 1533 835 1585 et
870 1526 1037 1583 Bruti
1065 1527 1137 1582 ad
1169 1525 1522 1582 Ciceronem
1551 1526 1754 1583 missas
1781 1526 2096 1598 epistolasz
2139 1542 2220 1582 ex

485 1628 688 1702 quibus
718 1626 890 1683 facile
918 1632 1006 1681 est
1034 1625 1487 1696 deprehendere,
1519 1625 1769 1683 Calvum
1792 1625 2024 1698 quidem
2049 1623 2225 1684 Cice-

487 1725 617 1784 roni
662 1724 851 1782 visum
895 1740 1255 1796 exsanguem
1297 1729 1359 1792 et
1400 1723 1693 1788 adtritum‚
1736 1724 1979 1780 Brutum
2024 1729 2222 1780 autem

485 1825 736 1882 otiosum
789 1829 960 1896 atque
1017 1822 1409 1878 disiunctum:
1454 1838 1806 1895 rursumque,
1869 1821 2223 1879 Ciceronem

486 1939 524 1981 a
554 1923 747 1989 Calvo
774 1922 1006 1996 quidem
1028 1923 1189 1977 male
1218 1920 1535 1985 audivisse,
1566 1926 1866 1993 tamquam,
1886 1922 2134 1976 solutum
2162 1923 2226 1977 et

481 2038 798 2082 enervemz
862 2037 898 2077 a
953 2020 1138 2076 Bruto
1191 2024 1407 2081 autem,
1467 2023 1528 2074 ut
1582 2018 1762 2091 ipsius
1819 2018 2012 2074 verbis
2077 2024 2228 2086 utar,

483 2128 773 2195 tamquam
802 2120 1046 2176 fractum
1104 2125 1278 2190 atque
1319 2119 1632 2174 elumbem.
1716 2117 1781 2173 Si
1832 2134 1926 2174 me
1982 2118 2223 2174 interro-

479 2239 602 2295 ges,
629 2235 832 2276 omnes
860 2216 1003 2274 mihi
1036 2216 1308 2297 videntur
1358 2233 1557 2301 verum
1586 2214 1830 2272 dixisse.
1916 2216 2034 2272 Sed
2084 2232 2223 2272 mox

480 2319 553 2375 ad
582 2318 841 2389 singulm
870 2314 1104 2371 veniam
1130 2333 1148 2383 ς
1192 2330 1348 2372 nune
1376 2314 1523 2371 mihi
1563 2330 1697 2371 eum
1728 2312 2016 2370 universis
2045 2330 2219 2387 nege—

482 2415 624 2472 tium
657 2419 766 2469 est.

377 2528 470 2590 19,
563 2513 736 2578 Nam,
819 2514 1099 2584 quatenus
1169 2510 1536 2585 antiquorum
1613 2508 1992 2567 admiratores
2062 2510 2239 2571 hune·

483 2612 646 2667 velut
739 2608 1050 2665 terminum
1125 2608 1490 2682 antiquitatis
1562 2609 1929 2665 constituere
2016 2610 2228 2673 soient,

481 2726 650 2783 quem
705 2725 883 2780 usque
934 2709 1006 2763 ad
1080 2708 1349 2765 Cassium
1409 2708 1696 2763 Severum
1756 2705 1993 2771 faciunt,
2048 2723 2222 2777 quem

483 2807 728 2882 primum
758 2806 1061 2862 adfirmant
1081 2805 1313 2862 flexisse
1343 2807 1417 2862 ab
1444 2805 1545 2862 ina
1569 2812 1768 2861 vetere
1790 2811 1967 2879 atque
1997 2806 2223 2861 directa

545 2960 705 3007 Vetera
726 2975 892 3021 sempev:
909 2959 962 3006 in
984 2960 1134 3021 laude]
1197 2959 1341 3006 Plane
1360 2959 1420 3006 sic
1440 2959 1564 3006 vell.
1591 2960 1651 3017 11,
1680 2962 1753 3006 92.
1818 2958 2082 3005 Praesentia
2105 2957 2224 3005 inti-

480 3019 571 3073 δία,
603 3020 840 3077 praeterita
862 3019 1154 3093 veneratione:
1184 3019 1512 3078 prosequimur.

540 3098 730 3157 Legistis
745 3113 793 3144 u.
818 3097 951 3143 Calvi
970 3102 1008 3142 et
1029 3098 1171 3143 Bruti
1192 3099 1252 3143 ud
1273 3097 1549 3157 ciceronem]
1616 3098 1682 3143 Ex
1702 3097 1857 3142 iisdem
1881 3095 2050 3142 Fabius
2072 3095 2224 3142 hausit

478 3158 589 3209 XM,
617 3162 652 3203 1.
719 3157 870 3215 Neque
901 3157 988 3210 ipse
1017 3156 1225 3203 Ciceroni
1257 3157 1568 3202 Demosthenes
1598 3156 1802 3201 videntur
1821 3156 1926 3201 satis
1945 3170 2030 3201 esse
2059 3155 2225 3211 perfec-

481 3222 567 3271 tus,
603 3252 611 3261 .
649 3248 660 3261 .
697 3251 707 3262 .
740 3230 819 3261 nec
840 3215 994 3261 Cicero
1029 3215 1169 3260 Bruto
1200 3216 1436 3274 fulvoque,
1470 3215 1550 3274 qui
1577 3220 1687 3260 certe
1718 3215 2061 3269 compositionem
2082 3214 2225 3271 ipsius

480 3276 613 3322 etiam
631 3275 752 3331 apud
765 3275 910 3330 ipsum
930 3274 1273 3329 reprehendunt.
1350 3276 1472 3319 xdde
1491 3274 1736 3335 sequeutia.
1800 3273 1923 3327 Lips.

540 3353 747 3400 cassium
765 3352 994 3411 Severum]
1036 3352 1100 3397 Do
1124 3353 1282 3399 Cassio
1311 3355 1518 3408 Set-vero,
1541 3353 1700 3399 orandi
1723 3351 1891 3405 valido,
1919 3352 1995 3398 sed
2015 3349 2226 3396 sordidae

481 3412 661 3470 originis
681 3420 724 3457 et
747 3413 970 3457 maleficae
990 3412 1125 3463 vitae,
1144 3413 1312 3457 dietum
1333 3420 1399 3457 est
1420 3428 1551 3481 supra
1574 3412 1734 3458 Annal.
1762 3410 1839 3459 lV.
1858 3412 1936 3457 21.
2000 3409 2225 3455 Fati-emis

482 3470 672 3525 Augusti
711 3481 799 3515 tem
833 3470 982 3515 oribus
1031 3478 1078 3514 et
1125 3470 1300 3515 Tiberii
1350 3471 1488 3540 princ:
1525 3477 1600 3516 atu
1640 3472 1807 3517 floruit.
1871 3470 2083 3517 Formam
2127 3469 2224 3526 ejus

482 3529 651 3589 ingenii
670 3486 880 3587 desorizit
899 3529 1220 3588 Quintilianus,
1248 3529 1450 3578 Instttut.
1475 3486 1602 3576 (Kree.
1622 3530 1684 3588 X,
1708 3533 1748 3576 1.
