2532 4164
1116 287 1272 336 car.
1332 267 1443 337 18.
2044 276 2142 347 73
2203 290 2206 293 ·

403 443 464 499 et
499 438 794 498 contraria
819 439 1037 499 bellum
1069 439 1428 516 inchoaturo,
1458 449 1519 504 et
1547 446 1833 522 plerisque
1860 450 2140 511 custodiri

398 547 669 615 suspecta
729 541 924 614 potius
981 541 1306 612 videbatur,
1365 544 1451 602 ire
1509 546 1747 604 obviam
1812 548 2138 608 discrimini

402 641 634 698 statuit:
701 640 1132 716 contractisque
1190 641 1484 717 legionum
1529 646 1767 703 vexillis
1805 652 1867 704 ct
1908 649 2138 708 modica

398 740 745 798 auxiliorum
776 758 967 807 manu,
995 741 1129 816 quia
1156 741 1217 799 in
1249 760 1494 817 aequum
1522 745 1758 820 degredi
1810 747 2137 807 Ordovices

399 856 520 909 non
550 841 856 907 audebant,
884 839 1009 913 ipse
1037 847 1175 897 ante
1223 858 1452 915 agmen,
1481 861 1595 918 quo
1618 845 1832 902 ceteris
1883 864 1986 920 par
2014 847 2135 906 ani·

398 955 525 1001 mus
552 939 730 997 simili
777 939 1038 1013 periculo
1092 945 1264 1006 esset,
1319 942 1509 1000 erexit
1560 943 1767 1000 aciem.
1847 962 2134 1021 caesaque

397 1054 574 1112 prope
605 1037 876 1098 universa
903 1044 1097 1111 gente,
1131 1058 1251 1098 non
1287 1040 1542 1115 ignarus,
1568 1041 1898 1101 instandum
1925 1046 2132 1115 famae,

397 1154 491 1207 ac,
532 1144 696 1210 prout
745 1139 928 1210 prima
974 1139 1308 1206 cessissent,
1355 1140 1477 1196 l'ore
1525 1141 1838 1212 universa3
1890 1145 2132 1203 Monam

358 1240 665 1307 ,5113qu
717 1240 883 1301 ouius
951 1239 1321 1311 possessione
1389 1245 1730 1299 revocatum
1799 1241 2132 1304 Paullinum

395 1340 711 1398 rebellione
759 1339 937 1397 totius
986 1338 1350 1403 Britanniae,
1397 1356 1567 1410 supra
1619 1341 1956 1406 memoravi,
1988 1341 2132 1399 redi·

394 1457 535 1515 gere
558 1440 622 1497 in
646 1443 991 1512 potestatem
1029 1437 1225 1495 animo
1251 1436 1522 1499 intendit.
1609 1440 1746 1505 Sed,
1770 1445 1831 1496 ut
1852 1438 1913 1496 in
1942 1440 2133 1500 dubiis

393 1534 677 1604 consiliis,
726 1555 907 1594 naves
961 1539 1234 1595 deerant:
1281 1537 1430 1594 ratio
1468 1541 1528 1594 et
1568 1539 1898 1596 constantia
1943 1539 2130 1598 Ducis

393 1638 742 1698 transvexit.
828 1635 1126 1708 Depositis
1171 1635 1439 1692 omnibus
1489 1637 1753 1705 sarcinis,
1783 1640 2130 1698 lectissimos

390 1734 779 1817 auxiliarium,
807 1733 1011 1807 quibus
1040 1738 1178 1789 nota
1210 1734 1379 1798 vada,
1408 1738 1467 1789 et
1498 1735 1711 1806 patrius
1756 1737 1934 1794 nandi
1975 1753 2128 1802 usus,

391 1853 506 1910 quo
530 1835 698 1892 simul
721 1850 906 1906 «seque
933 1838 990 1889 et
1020 1849 1177 1888 arma
1205 1836 1266 1888 et
1295 1849 1473 1906 equos
1515 1839 1739 1905 regunt,
1775 1834 1858 1892 ita
1886 1842 2127 1909 repente

385 1934 627 2002 inmisit,
645 1938 707 1990 ut
727 1931 1112 2005 obstupefacti
1142 1932 1357 1995 hostes,
1385 1930 1483 2004 qui
1510 1933 1777 1998 classem,
1794 1933 1891 2007 qui
1920 1952 2123 2004 naves,

382 2035 484 2110 qui
527 2051 683 2092 mare
711 2033 1151 2114 exspectabant,
1202 2028 1349 2087 nibil
1406 2030 1643 2087 arduum
1687 2038 1783 2088 aut
1833 2031 2123 2091 invictum

387 2133 741 2193 crediderint
787 2133 875 2189 sic
921 2132 993 2187 ad
1047 2132 1262 2193 bellum
1321 2128 1707 2187 venientibus.
1791 2132 1883 2188 Ita
1939 2132 2124 2204 petita

385 2252 552 2310 pace,
607 2249 679 2290 ac
733 2231 932 2288 dedita
988 2229 1195 2295 insula,
1248 2231 1439 2286 clarus
1493 2245 1566 2285 ac
1621 2246 1863 2303 magnus
1919 2230 2122 2289 haberi

388 2335 705 2409 Agricola:
748 2329 960 2406 quippe
1008 2327 1103 2386 cui
1149 2327 1502 2402 ingredienti
1554 2329 1936 2401 provinciam,
1966 2333 2120 2405 quod

382 2440 608 2507 tempus
630 2430 734 2489 alii
746 2411 852 2504 ⁴per
867 2427 1339 2491 ostentationem,
1363 2432 1459 2484 aut
1479 2427 1797 2485 officiorum
1820 2429 2118 2499 ambitum,

380 2533 724 2608 transigunt,
778 2532 943 2588 labor
1024 2539 1084 2585 et
1152 2527 1472 2601 periculum
1539 2528 1871 2599 placuisset.
1981 2530 2117 2589 Nec

382 2636 680 2710 Agricola,
708 2631 1087 2706 prosperitate
1117 2644 1305 2686 rerum
1352 2627 1413 2682 in
1447 2627 1766 2684 vanitatem
1818 2646 1970 2695 usus,
2015 2648 2115 2689 ex·

379 2734 739 2811 peditionem
767 2741 867 2788 aut
896 2717 1220 2786 victoriam.
1247 2729 1513 2794 vocabat,
1559 2727 1749 2784 victos
1797 2728 2115 2787 continuis·

437 2888 689 2947 [aeg-ionum
717 2886 912 2947 vooeillis]
975 2884 1159 2930 Vexilla
1187 2896 1347 2936 nonae,
1376 2881 1611 2937 secundae,
1642 2896 1695 2927 ae
1730 2881 1981 2938 vicesimae,
2017 2883 2114 2930 Bri-

376 2950 657 2997 tannicarum
692 2947 917 3004 legionum
954 2943 1142 2990 vidimus
1185 2957 1319 3002 supra
1359 2941 1476 2989 Hist.
1519 2942 1558 2987 ll
1569 2943 1601 2986 l.
1642 2944 1713 2987 22.
1779 2941 1908 2987 Haec
1946 2944 2113 2989 vexilla

373 3008 558 3056 dicimus
576 3006 880 3052 datachmems.
948 3004 997 3050 ln
1028 3001 1321 3049 monumentis
1356 3000 1616 3047 Britannicis
1644 3013 1779 3060 saepe
1808 3010 2114 3048 memorantur

377 3068 495 3114 istae
525 3065 852 3119 vexillafiones,
893 3071 944 3110 ut
979 3061 1131 3107 videre
1168 3066 1238 3106 est
1275 3061 1392 3120 apud
1431 3059 1631 3107 eruditos
1660 3058 1877 3114 eamden,
1909 3060 2111 3119 Gordon,

375 3127 589 3187 aliosque.
657 3124 835 3171 Dictum
865 3136 1040 3183 quoque
1069 3122 1127 3166 de
1156 3119 1399 3189 vexillariis
1428 3133 1559 3189 supra
1592 3118 1636 3163 in
1668 3118 1801 3186 Notis
1820 3124 1867 3163 et
1889 3118 2110 3188 Emenda-

371 3185 570 3233 tionibus
589 3184 649 3230 ad
672 3184 832 3230 Annal.
859 3183 893 3229 1.
916 3185 984 3229 38.
1048 3179 1305 3232 Vexillarn,
1334 3179 1393 3223 de
1420 3178 1577 3238 quibus
1607 3181 1674 3223 tot
1694 3177 1897 3221 diversae
1914 3178 2113 3225 erudito-

374 3259 473 3293 rum
503 3243 733 3304 opiniones
761 3242 1142 3295 circumferuntur,
1180 3237 1214 3283 ii
1251 3246 1369 3291 sunt,
1409 3238 1483 3298 qui
1523 3250 1605 3282 nec
1632 3236 1715 3282 sub
1741 3235 1889 3294 signis,
1920 3250 2001 3282 nec
2029 3236 2111 3283 sub

373 3303 552 3365 aquilis,
573 3303 651 3348 sed
671 3301 753 3348 sub
783 3301 966 3347 vexillis
998 3298 1272 3346 militabant.
1334 3294 1508 3358 Cuique
1537 3294 1701 3354 legioni
1732 3294 1942 3341 vexillum
1974 3310 2110 3343 unum

371 3368 475 3410 erat
498 3361 782 3408 attributum.
836 3360 963 3405 Brut.

428 3441 493 3489 In
526 3455 719 3502 aequum
753 3438 953 3499 degredi]
1016 3436 1278 3493 Ordovices,
1328 3435 1404 3495 qui
1454 3438 1686 3480 montuosa
1735 3432 2017 3489 babitabant,
2062 3433 2109 3480 in

374 3516 581 3563 aequum,
617 3514 696 3547 seu
734 3498 779 3550 in
814 3500 1012 3559 planum,
1055 3495 1236 3555 degredi
1287 3509 1375 3540 nou
1403 3493 1644 3539 audebant.
1706 3492 1866 3553 ltaque
1894 3492 2108 3553 Agricola

371 3561 514 3610 erexit
532 3560 672 3607 aciem
693 3573 835 3619 suam,
855 3562 904 3605 et
923 3556 1195 3605 Ordovicum
1217 3553 1329 3613 juga
1346 3551 1587 3614 superavit.

447 3661 592 3704 vot..
633 3660 735 3701 m.-
1286 3640 1318 3689 7
