2532 4164
538 311 631 377 10
963 326 1258 374 sTnMMA
1311 325 1695 373 causatum

533 481 726 535 toniuS.
765 480 842 533 At
867 479 970 532 Dio
993 496 1282 547 perperam
1309 483 1526 546 scripsit
1569 480 1859 532 Antoniam
1883 477 1982 532 Cn.
2021 477 2129 533 Do-

535 569 697 644 mitio
746 567 908 619 fuisse
952 566 1347 633 desponsatam.
1446 566 1548 618 Dio
1598 580 1798 617 xnvm.
1850 581 1972 636 pag.
2021 569 2142 618 390.

533 653 719 705 Tacit.
760 653 953 705 Annal.
996 669 1069 712 iv,
1097 656 1181 703 44.
1211 656 1431 704 sueton.
1459 653 1514 703 in
1539 650 1757 705 Nerone
1783 667 1838 702 v.
1870 652 2139 705 Plutarch.
2225 677 2228 681 v

533 737 592 791 in
624 739 822 789 Anton.
851 754 971 805 pag.
1010 739 1132 788 955.

610 913 696 962 33.
738 908 936 961 Lucius
964 909 1246 960 Domvrms
1277 907 1820 973 Annuomnnns,-Cn
1881 909 2144 970 Domitio,

534 996 780 1049 Caesaris
805 996 1085 1049 dictatoris
1110 997 1480 1054 interfectore,
1506 1000 1736 1065 genitus,
1783 999 2006 1049 maritus
2034 999 2142 1048 An·

531 1085 719 1138 toniae
748 1088 974 1148 maioris.
1019 1084 1114 1135 Vir
1150 1084 1408 1151 profusus,
1455 1099 1720 1152 arrogans,
1750 1086 2013 1136 immitis:
2053 1100 2148 1135 ex-

538 1173 713 1224 ercitu
745 1173 925 1223 Albim
953 1171 1315 1228 transcendit;
1357 1172 1668 1239 longiusque
1695 1178 1985 1238 penetrata
2009 1171 2144 1225 Ger-

537 1263 734 1317 mania,
780 1275 940 1327 qnam
979 1261 1258 1327 quisquam
1310 1259 1562 1324 priorum,
1608 1260 1837 1325 insignia
1884 1258 2143 1325 triumphi

534 1344 769 1411 adeptus
793 1349 893 1397 est.
968 1345 1124 1396 Obiit
1171 1360 1308 1396 anno
1335 1343 1406 1395 U.
1433 1343 1496 1395 C.
1535 1359 1880 1398 nccnxxvm.
1924 1345 2143 1398 sueton.
2192 1392 2209 1407 .

533 1433 591 1482 iu
618 1431 837 1483 Nerone
863 1447 939 1483 ιν.
979 1431 1159 1483 Tacit.
1198 1431 1395 1483 Annal.
1425 1447 1499 1491 ιν,
1540 1436 1625 1482 44.

607 1604 693 1653 34.
752 1601 960 1654 Gnarus
1015 1602 1304 1663 ,Domrrms
1366 1603 1805 1663 Aunsomnnus,
1869 1604 2141 1656 Antoniae

448 1693 452 1696 ’
539 1688 750 1754 majoris
799 1692 858 1738 et
900 1687 1053 1740 Lucii
1094 1687 1324 1740 Domitii
1371 1687 1541 1745 filius;
1583 1690 1954 1757 Agrippinam,
2005 1689 2142 1743 Ger·

537 1774 736 1827 manici
762 1773 942 1831 filiam,
984 1789 1206 1826 uxorem
1245 1773 1401 1826 duxit
1442 1790 1579 1826 anno
1622 1774 1693 1825 U.
1732 1774 1794 1825 C.
1840 1791 2138 1829 nchxxxl.

536 1861 870 1911 consulatum
894 1861 1062 1927 gessit
1086 1875 1224 1911 anno
1251 1858 1322 1910 U.
1349 1859 1411 1910 C.
1439 1875 1751 1912 nccnxxxv.
1791 1861 1954 1912 Omni
1982 1854 2137 1927 parte
2168 1886 2173 1891 ·

534 1947 687 1997 vitae
713 1945 794 1996 ita
815 1944 1173 2003 detestabilis,
1217 1949 1280 1997 ut
1333 1961 1401 1997 ex
1451 1961 1507 1996 se
1553 1951 1616 1998 et
1661 1948 1959 2015 Agrippina
2007 1948 2141 1999 nihil

536 2032 660 2084 boni
686 2035 829 2085 nasci
857 2048 1010 2099 posse
1037 2048 1165 2084 vere
1191 2033 1642 2099 pronuntiaverit.
1682 2033 1900 2086 sueton.
1948 2035 2001 2087 in
2028 2033 2138 2087 Ne-

534 2135 664 2173 rone
689 2137 741 2172 V.
780 2118 960 2174 Tacit.
1000 2122 1195 2174 Annal.
1243 2139 1320 2182 xv,
1370 2124 1454 2173 75.
1494 2121 1596 2174 Dio
1638 2137 1802 2175 Lvm.
1852 2139 1974 2191 pag.
2016 2126 2134 2175 633.

537 2219 655 2258 ωτι.
683 2222 804 2275 pag.
832 2208 951 2258 690.

545 2389 548 2392 ’
620 2375 961 2437 Asamum,
1014 2376 1322 2430 Germanici
1372 2383 1432 2430 et
1479 2379 1827 2448 Agrippinae,
1879 2381 2136 2449 Vipsanio

534 2462 779 2531 Agrippa
801 2467 1035 2532 genitae,
1061 2465 1186 2524 filia,
1214 2464 1313 2517 Cn.
1351 2466 1576 2520 Domitii
1603 2484 1753 2529 uxor,
1782 2468 2013 2524 Neronis
2039 2472 2137 2522 im-

497 2550 802 2615 aeperatoris
826 2554 1022 2604 mater.
1095 2550 1177 2605 De
1204 2553 1302 2604 hac
1340 2554 1555 2620 imperii
1580 2554 1809 2607 Romani
1850 2556 1966 2607 face
1991 2555 2135 2607 dice-

535 2650 670 2697 mus,
697 2652 841 2690 num.
878 2639 964 2689 93.
1687 2624 1690 2627 ⁴

601 2807 687 2857 35.
744 2805 941 2859 Lucius
993 2807 1278 2864 Domrms
1335 2812 1502 2865 Neao
1538 2812 1835 2874 emamus.
1888 2815 2135 2867 lurum·

534 2907 644 2943 ‘ron
696 2909 773 2954 vr,
830 2895 1159 2963 Agrippinae
1207 2903 1268 2951 et
1321 2900 1417 2952 Cn.
1473 2900 1700 2953 Domitii
1763 2903 2129 2963 Ahenobarbi,

530 2982 884 3047 pessimorum
910 2990 1197 3050 parentum
1222 2986 1361 3039 filins
1402 2992 1696 3055 pessimus:
1737 2995 1894 3042 natus
1921 2995 2005 3044 est
2041 2990 2132 3043 de-

529 3068 673 3119 cimo
695 3072 889 3122 octavo
932 3059 1198 3124 Kalendas
1238 3072 1538 3136 Januarias,
1565 3091 1703 3128 anno
1730 3075 1799 3127 U.
1827 3074 1889 3128 C.
1940 3091 2131 3128 nccxc.

532 3151 580 3203 A
607 3153 804 3205 vitrico
842 3171 936 3207 suo
974 3155 1198 3210 Claudio
1236 3175 1404 3226 gener
1443 3177 1508 3213 ac
1549 3161 1686 3215 filius
1729 3162 2034 3230 adoptatus,
2080 3165 2136 3215 in

528 3236 788 3294 familiam
821 3240 1108 3322 Claudiam,
1136 3249 1199 3296 et
1224 3260 1421 3299 nomen
1444 3246 1678 3302 Neronis
1722 3249 1955 3302 transiit.
1997 3248 2138 3316 Reg-
