2532 4164
458 261 597 329 106
812 282 906 330 ms
960 280 1419 330 onA'rovas
1473 281 1857 331 nutoavs.

448 438 667 486 11-13.
723 432 1000 487 Maternus
1056 442 1238 487 contra
1273 436 1502 501 poeticae
1566 436 1797 488 studium
1853 436 2182 489 securitatem

510 530 779 591 praestare
834 531 881 575 et
929 525 1299 584 innocentiam,
1358 524 1618 576 maiorem
1679 539 1875 589 quoque
1929 526 2182 589 gloriam,

516 613 922 683 quonism-ensis
946 616 1094 665 labor
1117 615 1373 673 concedat,
1401 614 1536 679 quod
1557 614 1707 664 aurei
1732 615 1924 666 saeculi
1947 616 2182 681 exemplo

516 711 723 755 constet.
800 703 1134 770 Voluptatem
1176 719 1343 770 porro
1361 705 1641 769 puriorem
1679 702 1887 770 offerre
1935 720 2185 755 secessum

515 794 575 845 in
614 808 831 844 nemora
871 800 920 844 et
966 795 1122 852 lucos,
1162 808 1322 858 quam
1367 793 1771 857 sanguinantem
1817 793 2181 857 eloquentiam.

517 880 715 933 Dulces
741 880 923 934 Musas
955 898 1196 935 revocare
1244 897 1363 934 suos
1402 882 1621 933 cultores
1659 897 1694 933 a
1733 881 2174 933 sollicitudinibus

517 980 565 1024 et
590 973 749 1023 curis.
1143 959 1148 964 ⁴

452 1067 533 1114 14.
570 1061 880 1126 Supervenit
926 1058 1213 1126 Vipstanus
1251 1059 1497 1112 Messala.
1596 1058 1666 1119 Is,
1707 1058 2048 1124 antiquorum
2095 1058 2183 1109 ad·

516 1152 762 1210 mirator,
800 1148 1015 1215 Aprum
1062 1165 1095 1201 a
1119 1165 1374 1201 novorum
1399 1152 1669 1201 rhetorum
1692 1164 1837 1200 more
1863 1149 1930 1199 ad
1961 1155 2183 1199 veterem

499 1238 751 1307 formam
782 1241 988 1291 trahere
1011 1240 1223 1290 nititur.
1301 1242 1516 1291 15—18.
1555 1236 1707 1303 Aper
1752 1252 2050 1303 repugnans
2076 1252 2184 1288 mo-

517 1336 600 1381 vet
623 1330 988 1395 quaestionem,
1024 1329 1237 1394 quinam
1278 1336 1506 1379 oratores
1553 1328 1769 1379 vocandi
1810 1328 1916 1379 sint
1956 1326 2178 1391 antiqui.

519 1418 635 1471 Hos
691 1424 1005 1470 venerantur
1045 1417 1293 1477 Messala,
1334 1418 1611 1475 Secundus,
1655 1417 1950 1469 Maternus.
2038 1417 2187 1481 Aper

520 1507 712 1559 saeculi
735 1508 819 1558 sui
847 1514 1025 1572 partes
1070 1512 1258 1566 tuetur,
1289 1522 1381 1558 nec
1417 1513 1605 1558 veteres
1645 1522 1746 1558 esse
1771 1495 2008 1557 dicendos
2048 1503 2185 1556 iudi-

520 1604 617 1654 cat,
637 1611 761 1661 quos
801 1596 1100 1647 eorumdem
1122 1597 1398 1647 hominum
1445 1611 1596 1646 aures
1644 1596 1950 1659 adgnoscere
2007 1601 2188 1659 potue-

518 1685 647 1736 rint-
721 1683 1026 1735 Ciceronem
1065 1692 1113 1736 et
1152 1693 1466 1744 coaetaneos,
1497 1684 1624 1750 fere
1667 1686 1726 1736 in
1764 1684 1932 1735 medio
1964 1684 2181 1750 positos,

517 1775 583 1825 ab
613 1775 951 1839 antiquorum
983 1771 1195 1826 adseclis
1232 1775 1348 1826 istis
1391 1774 1665 1826 accenseri.
1742 1773 1807 1825 In
1848 1773 1933 1831 iis,
1961 1774 2052 1838 qui
2098 1788 2185 1824 vo-

520 1870 703 1914 centur
763 1864 986 1928 antiqui,
1037 1864 1215 1928 plures
1255 1864 1568 1929 deprehendi
1624 1864 1829 1929 species,
1874 1878 1966 1913 nec
2016 1877 2185 1914 unum

518 1967 621 2004 esse
669 1953 990 2017 eloquentiae
1038 1953 1260 2004 vultum.
1353 1951 1689 2016 Malignitate
1731 1954 1964 2003 humana
2009 1957 2183 2003 vetera

519 2042 582 2094 in
605 2042 767 2100 laude,
790 2040 1086 2108 praesentia
1123 2038 1420 2108 infastidio
1445 2056 1567 2093 esse.
1646 2043 1722 2092 19.
1764 2039 2006 2092 Cassium
2036 2039 2187 2092 Seve-

519 2147 660 2191 rum,
689 2148 841 2197 quem
881 2134 1168 2184 terminum
1216 2133 1547 2197 antiquitatis
1594 2133 1924 2193 constituant,
1949 2148 1982 2183 a
2021 2140 2186 2184 vetere

504 2221 723 2287 flexisse
763 2221 850 2273 via
883 2234 992 2273 non
1039 2222 1263 2281 inscitia,
1292 2221 1378 2272 sed
1423 2223 1618 2274 iudicio
1665 2229 1713 2272 et
1737 2223 2029 2278 intellectu3
2067 2237 2187 2274 cum

523 2311 814 2364 conditione
839 2312 1134 2376 temporum
1159 2326 1218 2361 ac
1241 2311 1533 2362 diversitate
1569 2310 2042 2376 auriumformam
2066 2326 2189 2377 quo·

520 2415 616 2466 que
667 2400 923 2451 orationis
944 2397 1124 2464 fuisse
1166 2401 1490 2451 mutandam.
1586 2403 1673 2451 20.
1719 2400 1909 2471 Variis
1946 2401 2186 2452 scoto-isse

520 2495 742 2542 veterem
795 2489 1141 2554 eloquentiam
1181 2489 1342 2540 vitiis.
1416 2488 1741 2541 Auditorum
1781 2504 2029 2541 coronam
2076 2490 2188 2542 στα·-
2274 2500 2279 2511 ¹

514 2595 637 2645 gere
679 2579 790 2629 iam
814 2578 1084 2629 laetiorem
1117 2585 1164 2630 et
1184 2580 1509 2644 pulcriorem
1533 2581 1823 2631 orationem
1848 2586 1896 2632 et
1925 2582 2188 2646 poeticum

518 2669 768 2720 decorem.
840 2670 926 2719 21.
963 2668 1049 2719 22.
1090 2666 1369 2743 Diiuclicat
1413 2669 1533 2720 dein
1578 2668 1733 2735 Aper
1776 2667 1944 2729 Calvi,
1998 2668 2184 2732 Caelii,

519 2755 777 2815 Caesaris,
820 2755 1010 2815 Bruti,¹
1036 2755 1241 2818 Asinii,
1297 2757 1518 2810 Corvini
1552 2758 1813 2811 orationes
1852 2765 1900 2810 et
1923 2760 2183 2819 carmina,

521 2852 569 2897 et
604 2846 883 2911 praecipue
920 2844 1204 2906 Ciceronis,
1248 2848 1397 2898 cuius
1438 2849 1612 2899 laudes
1660 2849 1801 2900 canit
1843 2855 1891 2900 et
1925 2849 2059 2900 vitia
2098 2864 2181 2900 re-

515 2936 806 3002 prehendit,
858 2950 984 3001 quae
1049 2937 1159 2988 sola
1200 2936 1463 3002 perversis
1519 2937 1876 2989 imitatoribus
1928 2939 2185 3004 placeant.

519 3027 605 3078 23.
651 3024 851 3077 Veram
889 3041 992 3076 esse
1025 3025 1342 3091 eloquentiae
1399 3032 1585 3086 artem,
1634 3028 1975 3092 antiquorum
2011 3027 2186 3078 laetis-

516 3116 654 3166 sima
693 3128 917 3179 quaeque
956 3114 1169 3167 imitari
1215 3122 1262 3167 et
1302 3130 1334 3166 a
1368 3116 1656 3168 recentibus
1684 3114 1933 3183 feliciter
1975 3121 2186 3184 reperta

516 3204 753 3256 miscere.
1922 3251 1928 3258 .

449 3295 535 3346 24.
576 3292 695 3345 Iam
733 3290 1010 3344 Maternus
1045 3293 1289 3345 hortatur
1331 3291 1635 3353 Messalam,
1682 3300 1757 3355 ut,
1807 3294 1969 3346 missa
2008 3295 2188 3346 lauda-

519 3382 658 3434 tione
707 3383 1062 3448 antiquorum,
1112 3383 1204 3448 qui
1227 3383 1324 3434 illa
1356 3398 1464 3449 non
1509 3383 1796 3449 indigeant,
1851 3398 2056 3436 caussas
2103 3399 2190 3435 ea·-

517 3477 747 3541 promat,
794 3471 973 3524 curin
1027 3476 1233 3524 tantum
1273 3465 1338 3525 ab
1377 3487 1560 3526 eorum
1597 3473 1890 3542 eloquentia
1923 3472 2190 3527 recesserit
