2532 4164
432 263 575 331 120
796 280 892 328 ns
944 278 1403 328 mut-roman
1458 247 1813 328 nunocvs

426 443 516 495 tos
548 436 789 496 levitate
815 436 994 493 iaculi
1022 441 1121 492 aut
1148 435 1279 492 iacu
1308 435 1461 493 disci
1493 431 1848 492 vanescere:
1898 432 1985 491 sic
2005 444 2163 492 nunc

425 542 487 594 te
514 540 588 593 ab
615 536 913 594 auditoriis
943 541 1001 591 et
1030 535 1273 591 theatris
1315 534 1375 591 in
1423 535 1606 591 sorum
1636 539 1698 589 et
1724 536 1796 589 ad
1825 550 2060 590 caussas
2103 538 2165 591 et

425 637 501 694 ad
531 654 670 692 vera
700 636 918 707 proelia
951 651 1136 703 voc03
1178 650 1312 690 cum
1345 635 1681 704 praesertim
1730 651 1804 689 ne
1832 634 1904 692 ad
1950 634 2009 689 id
2039 633 2162 706 qui-

423 737 558 793 dem
606 734 919 807 confugere
965 732 1167 806 possis,
1214 735 1365 806 quod
1418 733 1702 807 plerisque
1747 733 2161 804 patrocinatur,

424 839 713 905 tamquam
770 833 957 889 minus
1012 832 1333 888 obnoxium
1377 836 1452 886 sit
1517 832 1771 888 offensae
1840 839 2154 903 poetarum,

420 951 592 1007 quam
620 939 925 995 oratorum,
974 931 1243 989 studium.
1330 930 1673 987 Effervescit
1708 932 1866 986 enim
1911 931 2003 986 vis
2033 932 2155 1002 pul·

421 1032 745 1089 cherrimae
777 1039 1013 1092 naturae
1043 1040 1213 1097 tuae;
1256 1049 1366 1087 nec
1414 1029 1514 1102 pro
1543 1032 1732 1087 amico
1779 1032 1990 1104 aliquo,
2032 1031 2158 1097 sed,

421 1132 570 1206 quod
600 1131 976 1203 periculosius
1003 1136 1110 1196 est,
1139 1148 1240 1201 pro
1272 1131 1498 1186 Catone
1526 1130 1787 1185 offendis.
1833 1147 1941 1186 nec
1971 1137 2148 1186 exau-⁷

420 1238 579 1287 satur
603 1231 823 1287 offensa
865 1229 1296 1285 necessitudine
1325 1229 1526 1295 officii,
1554 1236 1652 1285 aut
1682 1230 1795 1284 fide
1816 1228 2154 1284 advocatio·

418 1331 531 1397 nis,
559 1336 657 1386 aut
686 1330 955 1385 fortuitae
1003 1338 1063 1384 et
1110 1328 1336 1384 subitae
1383 1328 1660 1384 dictionis
1706 1328 1941 1400 inpetu:
1984 1335 2043 1383 at
2085 1332 2146 1383 tu

418 1428 729 1486 meditatus
782 1426 996 1484 videris
1050 1428 1300 1499 elegisse
1357 1443 1660 1499 personam
1718 1426 2152 1483 notabilem⁸et

417 1546 550 1585 cum
596 1528 941 1583 auctoritate
982 1526 1286 1583 dicturam.
1372 1525 1595 1582 Sentio,
1640 1526 1774 1598 quid
1817 1525 2151 1596 responderi

416 1626 630 1701 possit:
661 1626 801 1683 hinc
820 1613 1087 1699 ingentes
1115 1626 1399 1682 exsistere
1428 1628 1722 1687 adsensus,
1751 1625 1884 1679 binc
1915 1624 1975 1680 in
2008 1624 2147 1696 ipsis

413 1724 714 1783 auditoriis
769 1725 1076 1797 praecipue
1133 1724 1372 1788 laudari,
1421 1729 1482 1780 et
1537 1725 1672 1779 mox
1721 1721 1979 1779 omnium
2035 1741 2152 1780 ser-

413 1824 679 1881 monibus
743 1824 893 1880 serri.
978 1824 1157 1879 Tolle
1211 1823 1389 1896 igitur
1441 1823 1651 1896 quietis
1698 1828 1759 1878 et
1813 1822 2142 1879 securitatis

414 1924 872 1989 excusationem,
929 1939 1063 1979 cum
1119 1922 1227 1979 tibi
1286 1940 1475 1980 sumas
1544 1922 1937 1977 adversarium
1981 1939 2147 1994 supe-

412 2022 636 2079 riorem.
701 2022 866 2079 nobis
928 2020 1069 2077 satis
1131 2024 1228 2088 sit,
1290 2021 1545 2092 privatas
1596 2030 1653 2077 et
1699 2021 1875 2077 nostri
1917 2021 2141 2085 saeculi

375 2124 376 2127 ’
410 2123 838 2180 controversias
880 2121 1046 2187 tueri,
1101 2121 1162 2178 in
1219 2121 1423 2193 quibus
1491 2123 1781 2189 expressis
1823 2121 1872 2177 si
1913 2123 2146 2194 quando

341 2254 346 2265 =
409 2240 651 2279 necesse
715 2222 812 2287 sit,
882 2238 982 2292 pro
1051 2220 1420 2292 periclitante
1488 2222 1680 2276 amico
1753 2220 2142 2293 potentiorum

407 2337 574 2377 aures
638 2319 950 2386 offendere,
1005 2325 1066 2375 et
1121 2321 1359 2392 probata
1418 2319 1494 2375 sit
1554 2320 1716 2386 fides,
1779 2326 1840 2376 et
1904 2319 2138 2377 libertas

410 2424 707 2477 excusata.
1995 2402 2039 2476 ‚⁶

305 2526 376 2583 11
489 2519 829 2590 Quaeculn
881 2515 1126 2574 dixisset
1197 2518 1362 2590 Aper
1416 2516 1626 2581 acrius,
1680 2521 1745 2573 ut
1791 2519 2038 2582 solebat,
2077 2524 2141 2577 et
2236 2596 2243 2597 ἶ

403 2616 633 2684 intento
659 2634 777 2683 ore,
806 2618 1076 2673 remissus
1104 2625 1162 2673 et
1192 2616 1496 2673 subridens
1539 2615 1861 2683 Maternus,
1905 2617 2141 2686 Paravi,

403 2716 608 2789 inquit,
651 2733 762 2780 me,
809 2734 922 2772 non
969 2716 1158 2772 minus
1206 2715 1306 2772 diu
1361 2717 1638 2773 adcusare
1680 2723 1935 2773 oratores
1964 2734 2145 2790 quam*

405 2818 571 2887 Aper
598 2815 876 2872 laudavit.
963 2815 1113 2871 Fore
1153 2814 1313 2871 enim
1357 2817 1692 2883 arbitrabar,
1747 2823 1826 2883 ut,
1867 2832 1901 2871 a
1945 2817 2135 2872 landa·

403 2915 562 2974 tione
623 2931 820 2971 eorum
889 2915 1198 2987 digressus,
1266 2915 1618 2972 detrectaret
1681 2922 1880 2987 poetas
1962 2921 2134 2988 atque

394 3015 714 3073 carminum
763 3014 1016 3071 studium
1063 3021 1487 3086 prosterneret:
1533 3021 1659 3070 arte
1689 3015 1933 3088 quadam
1985 3013 2133 3070 miti-

397 3116 579 3190 gavit,
608 3114 989 3170 cone-edendo
1018 3114 1127 3179 his,
1155 3113 1251 3186 qui
1283 3132 1517 3172 caussas
1541 3132 1712 3187 agere
1744 3131 1857 3170 non
1881 3116 2134 3185 possent,

396 3221 458 3273 ut
510 3233 707 3272 versus
762 3214 1042 3271 facerent.
1143 3217 1273 3290 Ego
1319 3222 1536 3283 autem,
1581 3214 1732 3272 sicut
1790 3215 1853 3270 in
1905 3215 2159 3297 caussis

453 3392 526 3437 Ab
544 3389 797 3450 auditoriis]
862 3390 931 3436 Sc.
968 3388 1042 3435 ubi
1079 3390 1365 3438 recitationes
1404 3388 1600 3444 habitae,
1640 3388 1747 3435 item
1785 3387 1859 3434 ubi
1889 3389 2133 3436 declamari

392 3450 582 3497 solebat.
647 3448 885 3494 Auditor-ia
904 3450 1038 3495 etiam
1073 3465 1147 3510 ap.
1190 3450 1378 3496 Plinium
1409 3456 1456 3495 et
1489 3448 1812 3499 Quintilianum
1835 3449 1931 3493 foro
1950 3456 1995 3493 et
2018 3447 2133 3496 veris

392 3508 553 3557 caussis
571 3514 853 3569 opponuntur
873 3523 887 3566 ς
905 3523 1020 3569 quae
1035 3509 1135 3555 loca
1153 3509 1339 3568 collegit
1352 3508 1609 3556 Perizonius
1626 3508 1687 3553 de
1706 3507 1942 3555 Praetorio
1959 3522 2003 3568 p.
2025 3510 2132 3556 2⁰2,

390 3568 511 3615 Em.
