2532 4164
460 267 563 339 „48
860 285 956 334 m:
1007 254 1326 335 noainvs
1380 283 1803 339 enauimus

465 441 639 508 vires,
680 441 885 516 quibus
925 447 1292 505 enumeratos
1331 443 1529 515 paullo
1565 444 1702 498 ante
1759 440 2001 514 populos
2042 444 2204 501 ante-

461 544 699 609 cedunt,
728 548 938 610 truces,
993 542 1204 605 insitae
1229 541 1448 598 feritati
1505 547 1628 598 arte
1656 557 1727 597 ac
1758 544 2016 613 tempore
2045 541 2204 598 leno-

460 641 754 700 cinantur.
825 636 989 713 nigra
1067 645 1252 704 scuta,
1322 639 1506 697 tincta
1570 656 1830 710 corpora.
1898 643 2052 705 atras
2126 638 2202 695 ad

461 740 684 816 proelia
727 748 926 796 noctes
957 742 1190 811 legunt:
1233 740 1470 813 ipsaque
1512 737 1816 801 formidine
1855 743 2028 812 atque
2082 754 2200 797 um-

462 839 564 898 bra
606 839 799 894 seratis
855 838 1149 894 exercitus
1194 845 1467 894 terrorem
1524 837 1795 903 inferunt,
1859 839 2021 895 nullo
2076 837 2203 902 hos·

464 938 607 1012 tium
638 937 962 993 sustinente
984 954 1201 993 novum
1231 953 1303 993 ac
1334 938 1496 992 velut
1525 935 1813 992 infernum
1841 936 2199 1007 adspectum.

463 1053 599 1094 nam
654 1035 822 1107 primi
884 1035 947 1091 in
1009 1035 1278 1091 omnibus
1347 1035 1580 1107 proeliis
1636 1035 1796 1091 oculi
1870 1033 2202 1093 vincuntur.

466 1134 662 1192 Trans
732 1135 954 1208 Lygios
997 1135 1261 1190 Gotones
1312 1139 1641 1207 regnantur,
1684 1134 1880 1205 paullo
1935 1133 2051 1189 iam
2105 1134 2203 1190 ad·

463 1233 711 1299 ductim,
751 1251 922 1307 quam
948 1243 1184 1290 ceterae
1213 1233 1636 1289 Germanorum
1675 1237 1901 1305 gentes,
1944 1233 2216 1289 nondum.

462 1333 659 1390 tamen
689 1350 859 1404 supra
891 1333 1236 1388 libertatem.
1300 1332 1589 1396 Protinus,
1611 1330 1826 1387 deinde
1857 1332 1930 1386 ab
1963 1331 2204 1388 Oceano

463 1431 662 1505 Rugii,
704 1440 762 1489 et
794 1431 1113 1488 Lemovii:
1155 1432 1530 1501 omniumque
1576 1431 1773 1486 harum
1805 1431 2062 1501 gentium
2119 1430 2207 1487 in·

461 1529 648 1603 signe,
691 1532 933 1588 rotunda
961 1536 1144 1597 scuta,
1200 1533 1411 1589 breves
1464 1529 1664 1603 gladii,
1719 1533 1779 1585 et
1827 1545 1965 1601 erga
2008 1529 2199 1603 Reges
2286 1589 2295 1596 ,

461 1629 818 1713 obsequium.

354 1729 439 1787 44
546 1729 826 1784 Suionum
870 1728 1008 1785 hinc
1065 1728 1361 1796 civitates,
1403 1728 1529 1801 ipso
1569 1729 1630 1784 in
1674 1727 1934 1793 Oceano,
1975 1733 2202 1800 praeter

460 1827 618 1884 viros
673 1844 942 1901 armaque
1017 1828 1330 1893 classibus,
1358 1830 1573 1885 valent.
1618 1826 1797 1886 forma
1845 1830 2085 1888 navium
2126 1842 2200 1884 eo

458 1925 668 1991 differt,
695 1927 844 2000 quod
903 1926 1185 2001 utrimque
1216 1945 1382 2001 prora
1432 1934 1689 1998 paratam
1746 1947 1975 2002 semper
2003 1927 2200 1998 adpul-

451 2026 547 2082 sui
576 2025 824 2082 frontem
851 2026 990 2099 agit.
1037 2043 1149 2084 nec
1205 2027 1357 2084 velis
1398 2027 1748 2096 ministrant,
1776 2046 1886 2086 nec
1921 2043 2106 2084 remos
2135 2024 2198 2084 in

459 2125 722 2182 ordinem
776 2126 1049 2182 lateribus
1091 2126 1432 2200 adiungunt.
1545 2129 1831 2191 Solutum,
1876 2136 1934 2184 ut
1976 2127 2038 2184 in
2081 2124 2203 2200 qui·

461 2225 699 2282 busdam
725 2225 1044 2289 fluminum,
1087 2232 1147 2280 et
1171 2224 1474 2286 mutabile,
1503 2234 1561 2282 ut
1586 2226 1659 2282 'ut
1690 2245 1780 2283 res
1811 2228 2021 2298 puscit,
2062 2226 2204 2282 hinc

461 2326 560 2379 vel
602 2323 767 2381 illinc
825 2322 1143 2397 remigium.
1229 2324 1335 2379 Est
1388 2327 1537 2397 apud
1581 2325 1713 2380 illos
1755 2332 1812 2381 et
1856 2327 2062 2398 opibus
2101 2325 2201 2381 ho·

459 2439 602 2479 nos:
646 2403 828 2496 eoque
896 2421 1601 2489 unus.imperitat‚-nullis
1651 2425 1768 2479 iam
1827 2422 2192 2496 exceptioni·

459 2522 583 2585 bus,
627 2540 741 2579 non
774 2523 1034 2594 precario
1075 2522 1196 2577 iure
1242 2522 1500 2592 parendi.
1547 2540 1656 2578 nec
1705 2540 1884 2591 arma,
1940 2530 2000 2579 ut
2042 2522 2194 2595 apud

457 2628 685 2678 ceteros
756 2622 1102 2683 Germanos,
1157 2620 1216 2677 in
1277 2619 1617 2693 promiscuo,
1670 2623 1772 2679 sed
1826 2624 2026 2694 clausa
2087 2623 2194 2679 sub

455 2796 483 2831 Γ
515 2795 757 2858 Suionum]
811 2795 1011 2849 Suiones,
1031 2810 1146 2841 nunc
1164 2794 1356 2850 Sueden,
1376 2795 1478 2841 isles
1495 2797 1551 2853 qs
1569 2797 1820 2848 Denmnrk,
1844 2797 2024 2844 Funera.
2047 2796 2201 2855 Imag-

455 2856 575 2902 lund.
619 2855 828 2908 Zeelnnd,
884 2854 1074 2905 Lalaml,
1125 2862 1205 2898 etc.
1279 2854 1319 2900 E
1368 2855 1599 2902 Suionibus
1648 2856 1927 2916 Cimbrisqne
1973 2869 2195 2903 emouere

455 2914 718 2962 Norinanni.
749 2916 824 2973 qui
858 2914 952 2959 late
981 2920 1196 2959 terrorem
1229 2914 1555 2969 circumtulere,
1586 2925 1632 2960 et
1662 2916 1855 2974 opimam
1883 2914 2049 2962 Gabia
2095 2929 2197 2975 pro·

451 2971 660 3028 vinciam,
681 2973 738 3017 de
757 2987 909 3018 eorum
940 2972 1116 3017 nomine
1136 2974 1281 3017 adhuc
1303 2974 1577 3033 appellatam
1601 2974 1879 3030 Νονηιαπάῃ,
1902 2987 2193 3032 occupavere.

448 3031 608 3087 ,Majus
626 3031 772 3077 adhuc
791 3038 834 3076 et
867 3032 1101 3076 audentius
1120 3030 1387 3080 Gothorum.
1421 3032 1784 3086 wisigothorum.
1818 3035 2193 3090 ostrogothorum

450 3091 625 3135 nornen.
694 3091 728 3135 ti
748 3097 863 3145 sunt,
886 3089 959 3149 qui
992 3089 1222 3148 imperium
1257 3092 1505 3137 Romanum
1538 3092 1786 3152 perdidere,
1817 3098 1862 3135 et
1887 3092 2076 3136 Romam
2103 3099 2193 3137 tam

444 3149 527 3193 diu
569 3148 797 3201 invictam,
846 3155 891 3192 et
932 3149 1211 3194 aeternitatis
1249 3164 1328 3209 spe
1367 3165 1541 3203 vanam,
1581 3166 1756 3211 cepere.
1821 3151 2008 3196 Exstant
2048 3151 2193 3195 adhuc

452 3207 800 3309 wisigothorum
830 3208 966 3266 leges,
995 3209 1072 3254 sed
1103 3222 1131 3252 a
1160 3208 1294 3254 solita
1327 3209 1689 3256 Germanicarum
1726 3210 1871 3268 legum
1904 3208 2194 3270 simplicitate

450 3279 637 3311 arenae.

510 3344 738 3414 aquibus
756 3346 921 3406 valent]
989 3347 1136 3405 Atque
1168 3346 1234 3393 ita
1252 3347 1451 3403 valuere,
1474 3351 1524 3393 ut
1555 3362 1690 3408 penes
1712 3362 1787 3393 eos
1806 3347 1861 3392 sit
1884 3346 2024 3402 gloria
2052 3346 2088 3392 .1
2093 3346 2191 3395 uris

448 3407 639 3456 multet,
659 3406 780 3463 cujus
821 3405 937 3458 leges
958 3406 1192 3450 undecimo
1223 3414 1323 3466 post
1355 3406 1578 3451 Christum
1620 3413 1771 3451 natum
1804 3406 1981 3451 saeculo
2002 3405 2187 3463 primum

449 3461 1655 3585 ‘15¹3ss'‘3‘1'1:2233203'25135335112'535322232‘222333
1674 3466 1929 3572 &iffi-³¹⁸⁶
1947 3463 2184 3512 mna.
