2532 4164
1066 267 1222 313 car.
1278 250 1347 314 4.
1402 251 1469 315 5.
2010 252 2149 322 113

409 433 492 480 το,
521 416 571 474 si
615 416 848 489 poetica
874 419 1201 487 adcusatur,
1231 439 1348 479 non
1377 421 1554 479 alium
1586 423 1761 480 video
1789 441 1947 481 reum
1996 425 2149 482 locu-

391 516 733 588 pletiorem.
1285 569 1302 600 .·

494 616 744 673 Securus
799 614 895 681 sit,
947 615 1048 689 inq
1185 631 1200 637 ⁴
1243 606 1368 691 per,
1431 624 1517 680 et¹
1549 619 1778 682 Saleius
1826 621 2042 678 Bassus
2086 626 2147 678 et

402 713 659 787 quisquis
688 714 835 771 alius
878 617 1424 794 studiffieticae
1453 725 1511 774 et
1539 718 1862 776 carminum
1904 720 2146 793 gloriam

401 811 583 878 fovet,
624 830 757 870 cum
800 830 1035 870 caussas
1098 832 1270 888 agere
1332 834 1449 873 non
1516 817 1715 889 possit.
1797 818 1927 891 Ego
1967 819 2144 887 enim,

381 916 683 985 quatenus
740 911 1015 970 arbitrum
1076 913 1193 970 litis
1254 915 1420 970 huius
1462 915 1687 982 inveni,
1750 934 1868 972 non
1940 918 2143 988 patiar,

403 995 734 1068 Maternum
782 1012 1064 1069 societate
1117 1014 1362 1085 plurium
1392 1016 1667 1083 defendi3
1709 1018 1809 1071 sed
1840 1017 2027 1089 ipsum
2054 1034 2142 1074 so-

379 1110 519 1165 lum
568 1111 718 1182 apud
769 1129 875 1166 vos
926 1129 1177 1185 arguam,
1220 1116 1369 1187 quod
1416 1121 1584 1170 natus
1625 1115 1699 1170 ad
1748 1116 2142 1187 eloquentiam

400 1208 631 1266 virilem
660 1214 719 1265 et
764 1210 1091 1270 oratoriam.
1119 1228 1230 1284 qua
1282 1230 1481 1282 parare
1510 1213 1680 1268 simul
1723 1220 1783 1267 et
1825 1214 1971 1269 tueri
1999 1213 2146 1270 ami·-

397 1304 586 1373 citias,
651 1307 976 1364 adsciscere
1049 1309 1332 1376 nationes,
1399 1310 1715 1382 complecti
1784 1311 2138 1380 provincias,

396 1406 592 1484 possit,
625 1406 848 1463 ,amittit
903 1406 1171 1473 studium,
1234 1425 1347 1482 quo
1409 1426 1524 1465 non
1569 1409 1726 1465 aliud
1783 1409 1844 1465 in
1886 1410 2134 1466 civitate

395 1511 588 1562 nostra
620 1508 713 1561 vel
744 1506 817 1561 ad
865 1504 1175 1566 utilitatem
1224 1506 1584 1576 fructuosius,
1630 1510 1725 1563 vel
1771 1509 1843 1564 ad
1888 1508 2134 1582 dignita-

389 1606 507 1660 tem
540 1604 801 1676 amplius,
854 1606 948 1660 vel
977 1605 1049 1661 ad
1101 1605 1252 1660 urbis
1301 1605 1513 1662 samam
1569 1607 1879 1678 pulchrius,
1931 1609 2025 1664 vel
2056 1608 2130 1665 ad

394 1703 569 1759 totius
599 1698 834 1775 lniperii
894 1709 1065 1775 atque
1114 1705 1371 1760 omnium
1417 1706 1678 1778 gentium
1727 1706 1995 1763 notitiam
2043 1706 2129 1764 in-

293 1825 316 1840 ·
371 1802 640 1866 iusti-im,
690 1801 1014 1873 excogitari
1070 1807 1279 1873 potest.
1365 1802 1539 1864 Nam,
1591 1803 1642 1859 si
1683 1805 1757 1859 ad
1814 1805 2127 1862 utilitatem

392 1898 549 1955 vitae
604 1900 800 1956 omnia
828 1899 1072 1958 consilia
1102 1899 1370 1973 factaque
1418 1909 1612 1970 nostra
1652 1901 1946 1974 diligenda
1973 1908 2125 1970 sunt,

387 1998 521 2072 quid
579 1999 687 2056 erit
756 1999 951 2065 tutius,
1018 2017 1188 2073 quam
1246 2018 1376 2056 eam
1444 2018 1723 2057 exercere
1769 2009 1971 2065 artem,
2012 2018 2126 2075 qua

388 2115 617 2171 semper
670 2105 919 2155 armatus
975 2099 1323 2171 praesidium
1374 2101 1599 2167 amicis,
1667 2118 1837 2173 opem
1895 2101 2122 2169 alienis,

386 2199 631 2254 salutem
674 2197 1153 2269 periclitantibus,
1193 2197 1414 2254 invidis
1448 2187 1588 2254 v'ero
1634 2204 1693 2255 et
1724 2198 1976 2267 inimicis
2006 2217 2123 2256 me·

384 2303 503 2356 tum
553 2303 610 2353 et
664 2303 935 2354 terrorem
983 2298 1133 2353 ultro
1182 2297 1350 2364 seras,
1398 2297 1521 2369 ipse
1569 2314 1803 2354 securus
1852 2304 1921 2357 et¹
1959 2301 2121 2355 velut

385 2397 630 2472 quadam
701 2403 977 2467 perpetua
1036 2394 1297 2477 potentia
1351 2411 1421 2451 ac
1474 2402 1771 2467 potestate
1814 2393 2120 2454 munitus?

383 2494 546 2551 cuius
578 2493 667 2549 vis
697 2501 753 2549 et
785 2493 1022 2560 utilitas,
1064 2495 1231 2549 rebus
1285 2510 1552 2566 prospere
1599 2494 1926 2561 fluentibus,
1979 2495 2119 2551 alio-

359 2609 505 2650 .rum
533 2591 820 2665 praesidio
846 2598 905 2648 et
934 2594 1115 2648 tutela
1161 2590 1538 2665 intelligitur:
1583 2593 1672 2648 sin
1705 2594 1992 2665 proprium
2024 2613 2117 2666 pe·

378 2689 620 2749 ticulum
650 2690 955 2763 increpuit,
984 2707 1101 2746 non
1133 2690 1388 2747 Hercule
1433 2689 1612 2748 lorica
1659 2699 1755 2748 aut
1798 2693 2023 2765 gladius
2052 2693 2114 2750 in

377 2789 508 2847 acie
557 2789 771 2846 firmius
821 2788 1260 2856 munimentum,
1304 2807 1472 2863 quam
1522 2807 1622 2846 reo
1659 2794 1718 2846 et
1758 2790 2116 2862 periclitanti

377 2888 725 2963 eloquentia,
756 2888 1102 2961 praesidium
1131 2887 1298 2944 simul
1350 2896 1409 2944 et
1465 2891 1662 2957 telum,
1721 2906 1834 2962 quo
1876 2907 2114 2963 propug-

361 3006 515 3046 nare
565 2988 777 3061 pariter
822 2992 883 3052 et
948 2986 1259 3053 incessere,
1319 2989 1411 3042 vel
1478 2987 1540 3043 in
1583 2986 1820 3054 iudicio,
1871 2987 2000 3049 sive
2048 2988 2109 3045 in

378 3088 618 3155 Senatu,
658 3087 787 3143 sive
842 3087 992 3159 apud
1053 3086 1386 3156 Principem
1441 3085 1642 3157 possis.
1753 3084 1908 3156 Quid
1953 3086 2111 3143 aliud

372 3184 600 3242 infestis
630 3184 884 3257 patribus
929 3201 1109 3255 nuper
1156 3183 1367 3256 Eprius
1398 3183 1734 3248 Marcellus,
1779 3201 1947 3256 quam
1995 3186 2112 3240 elo-

267 3354 270 3355 ,
355 3286 669 3363 ·quentiam
716 3300 896 3348 suam,
938 3279 1253 3354 opposuit?
1296 3299 1408 3356 qua
1451 3282 1756 3339 accinctus
1784 3287 1843 3338 et
1888 3281 2112 3368 minax,

368 3384 641 3441 disertam
684 3383 938 3457 quidem,
966 3382 1068 3438 sed
1110 3380 1567 3440 inexercitatam
1594 3387 1656 3438 et
1682 3379 1965 3437 eiusmodi
1991 3398 2115 3438 cer-

447 3496 585 3539 von.
627 3498 721 3539 ιιι.
1319 3475 1462 3557 1ορ*
