2532 4164
1173 781 1234 812 DE

790 1025 1656 1110 ORATORIBVS

1171 1313 1279 1348 nvn

445 1521 545 1574 DE
599 1522 898 1578 cAvsSIS
956 1524 1410 1581 CORRVPTAE
1463 1523 2000 1586 ELOQVENTIAE

877 1765 1587 1850 DIALOGVS.

1030 2055 1280 2094 unarum
1289 2056 1397 2094 ΠΙ

359 2176 491 2245 Cap.
543 2194 582 2230 1.
656 2176 885 2244 Dialogi
942 2178 1157 2231 occasio.
1229 2181 1282 2231 2.
1344 2183 1396 2233 3.
1435 2177 1896 2250 Confabulationis
1936 2193 2097 2245 argu-

429 2276 683 2321 mentum.
772 2268 1079 2320 Curiatium
1140 2267 1465 2330 Maternum,
1519 2256 1581 2321 ea:
1629 2277 1835 2322 oratore
1870 2277 2098 2336 poetam,

433 2357 517 2411 M.
559 2361 709 2427 Aper
732 2366 930 2418 orator,
971 2358 1137 2410 iudice
1189 2358 1330 2412 Iulio
1373 2358 1622 2421 Secundo,
1664 2376 1698 2412 a
1738 2361 1956 2427 poeticis
1994 2367 2101 2413 stu·

431 2448 534 2502 diis
559 2465 771 2502 avocare
796 2454 975 2500 tentat.
1050 2453 1099 2499 4.
1138 2446 1420 2501 IlIaternus
1455 2450 1769 2502 sanctiorem
1791 2468 1842 2502 se
1866 2453 2104 2516 eloquen-

433 2539 564 2591 tiam
600 2540 786 2591 sectari
822 2538 1118 2605 profitetur.
1190 2541 1345 2591 5-7.
1387 2537 1552 2590 Instat
1592 2539 1744 2607 Aper
1767 2547 1813 2591 et
1838 2540 2100 2592 oratoriae

433 2630 566 2681 artis
598 2629 899 2687 utilitatem,
938 2629 1269 2693 voluptatem,
1307 2628 1618 2692 dignitatem
1666 2626 1900 2689 celebrat,
1949 2630 2100 2695 idque

436 2721 485 2770 8.
525 2717 773 2769 Marcelli
818 2716 985 2783 Eprii
1009 2724 1057 2768 et
1096 2715 1278 2782 Crispi
1311 2716 1462 2769 Vibii
1485 2718 1736 2784 exemplis
1760 2721 2057 2784 comprobat
2080 2733 2101 2775 ‚·

435 2811 487 2858 9.
549 2813 732 2860 contra
791 2807 1034 2859 carmina
1074 2807 1325 2870 dignitate
1374 2813 1421 2857 et
1460 2807 1686 2859 utilitate
1733 2808 1960 2869 destitui,
2008 2822 2102 2860 nec

436 2899 543 2950 nisi
579 2899 782 2952 laudem
823 2899 1036 2950 inanem
1070 2898 1192 2949 dare
1233 2903 1281 2947 et
1323 2897 1582 2961 gaudium
1632 2899 1850 2950 volucre.
1923 2897 2102 2950 Laude

436 2989 650 3053 dignam
687 3005 788 3040 esse
828 2987 1142 3052 Vespasiani
1182 2987 1550 3038 liberalitatem
1575 2987 1634 3038 in
1657 2994 1826 3040 vatem
1865 2985 2104 3042 Saleium

445 3078 711 3135 Bassum,·
744 3078 985 3143 pulcrius
1032 3084 1207 3127 tamen
1246 3090 1368 3136 esse,
1415 3077 1518 3128 sibi
1566 3076 1670 3142 ipsi
1712 3076 2008 3142 prospicere
2056 3082 2105 3128 et

442 3184 595 3219 suum
648 3169 868 3232 genium
911 3165 1225 3232 propitiare.
1340 3163 1454 3216 Nec
1502 3165 1780 3230 voluptatis
1822 3164 2106 3230 quidquam

378 3260 676 3335 praebere
720 3256 996 3322 poeticam,
1040 3256 1230 3321 quippe
1279 3255 1481 3306 vatibus
1535 3253 1596 3306 in
1644 3255 1980 3306 solitudinem
2035 3255 2106 3307 sit

439 3346 788 3405 secedendum,
889 3347 970 3396 10.
1032 3351 1143 3395 tum
1188 3350 1366 3410 poetas
1431 3360 1533 3395 esse
1574 3341 1784 3410 offensis
1836 3344 2102 3395 obnoxios.

440 3434 750 3486 Maternum
792 3434 1012 3500 proinde
1059 3433 1247 3485 rectius
1290 3439 1546 3493 acturum,
1587 3434 1635 3486 si
1658 3435 1722 3485 ab
1745 3433 2024 3487 auditoriis
2058 3439 2106 3485 et

444 3525 658 3578 theatris
682 3521 947 3592 insorum
970 3529 1018 3575 et
1063 3523 1131 3575 ad
1152 3537 1356 3575 caussas
1397 3522 1585 3575 redeat.
