2532 4164
791 347 828 370 ··
885 347 1040 395 οΑΡ.
1079 329 1194 396 35.
1226 327 1345 395 36.
1803 355 1808 361 ·
1903 327 1986 395 91

260 506 522 563 discursu
550 504 901 575 complebat.
986 503 1142 560 Tum
1189 504 1489 576 Agricola,
1536 507 1843 575 superante
1873 505 2001 560 hos-

261 605 406 662 tium
438 604 825 667 multitudine,
856 602 1095 667 veritus,
1126 621 1199 658 ne
1230 603 1398 659 simul
1428 603 1488 658 in
1535 603 1797 669 frontem,
1829 605 2002 661 simul

265 711 326 760 et
390 705 568 758 latera
636 720 866 758 suorum
937 709 1301 775 pugnaretur,
1369 701 1620 758 diductis
1687 703 2002 769 ordinibus,

258 819 610 877 quamquam
643 802 958 873 porrectior
988 801 1147 857 acies
1177 800 1360 856 futura
1391 807 1533 867 erat,
1556 808 1621 856 et
1643 799 2005 857 arcessendas

265 903 523 975 plerique
579 899 822 974 legiones
876 893 1285 964 admonebant,
1342 900 1654 972 promptior
1706 900 1765 955 in
1820 918 2003 970 spem,

265 1007 326 1057 et
356 1002 547 1057 firmus
591 1000 872 1066 adversis,
910 1001 1150 1056 dimisso
1197 1017 1347 1073 equo
1388 1001 1564 1070 pedes
1604 1006 1748 1056 rante
1782 1000 2005 1056 vexilla

268 1100 553 1156 constitit.

353 1199 448 1255 Ac
503 1199 685 1269 primo
739 1214 1055 1269 congressu
1124 1196 1351 1252 eminus
1404 1198 1748 1253 certabatur.
1832 1198 2000 1254 simul
2024 1199 2108 1256 36

225 1283 234 1292 ’
271 1298 620 1361 constantia,
697 1298 866 1352 simul
946 1302 1067 1351 arte
1123 1295 1411 1359 Britanni,
1480 1297 1813 1369 ingentibus
1888 1300 2007 1369 gla-

269 1397 384 1453 diis
463 1402 522 1451 et
611 1396 882 1451 brevibus
946 1394 1142 1459 cetris,
1209 1394 1454 1450 missilia
1532 1401 1851 1452 nostrorum
1925 1396 2008 1452 vi-

269 1500 394 1552 tare
439 1497 530 1549 vel
564 1500 860 1557 excutere,
902 1500 1073 1566 atque
1119 1494 1229 1564 ipsi
1285 1511 1552 1566 magnam
1587 1494 1703 1549 vim
1762 1496 2007 1552 telorum

272 1594 723 1666 superfundere:
776 1593 963 1648 donec
1030 1593 1305 1664 Agricola
1361 1600 1474 1650 tres
1516 1594 1870 1649 Batavorum
1913 1611 2008 1651 co-

272 1693 470 1749 hortes
500 1710 570 1747 ac
603 1693 971 1763 Tungrorum
1002 1692 1143 1747 duas
1166 1694 1495 1748 cohortatus
1525 1701 1631 1756 est,
1675 1700 1734 1749 ut
1776 1711 1892 1749 rem
1937 1694 2010 1749 ad

271 1810 578 1849 mucrones,
603 1810 674 1847 ac
705 1808 905 1846 manus
934 1792 1329 1847 adducerent:
1372 1793 1523 1865 quod
1553 1798 1609 1847 et
1635 1793 1793 1861 ipsis,
1820 1801 2009 1849 vetus·

273 1896 393 1948 tate
426 1890 689 1953 militiae,
719 1889 1122 1955 exercitatum,
1152 1896 1210 1943 et
1240 1890 1497 1945 hostibus
1520 1889 1800 1955 inhabile,
1831 1908 2012 1962 parva

272 1997 437 2046 scuta
468 1997 526 2043 et
553 2006 817 2043 enormes
859 1989 1080 2059 gladios
1130 1988 1480 2059 gerentibus
1529 2006 1661 2043 nam
1705 1990 2011 2046 Britanno-

274 2106 397 2145 rum
428 2087 608 2161 gladii
638 2089 765 2143 sine
797 2104 1069 2145 mucrone
1098 2089 1472 2158 complexum
1507 2102 1807 2151 armorum,
1851 2095 1907 2143 et
1950 2089 2013 2144 in

277 2194 479 2261 aperto
529 2202 795 2259 pugnam,
841 2203 954 2240 non
998 2188 1343 2240 tolerabant.
1429 2185 1628 2258 Igitur,
1679 2195 1739 2242 ut
1797 2187 2014 2243 Batavi

281 2288 526 2344 miscere
557 2286 725 2348 ictus,
754 2284 920 2340 ferire
952 2283 1312 2343 umbonibus,
1362 2301 1461 2339 ora
1513 2284 1760 2350 foedare,
1789 2293 1846 2342 et
1876 2294 2014 2342 stra·

278 2387 353 2443 tis
383 2384 479 2458 qui
511 2384 568 2440 iu
601 2400 788 2457 aequo
816 2383 1180 2450 obstiterant,
1217 2383 1441 2455 erigere
1487 2383 1546 2439 in
1593 2386 1774 2440 colles
1825 2385 2015 2442 aciem

278 2501 545 2557 coepere,
613 2489 844 2538 ceterae
901 2482 1185 2547 cohorteS,
1256 2483 1644 2537 aemulatione
1701 2488 1759 2539 et
1815 2484 2017 2556 inpetu

275 2659 479 2706 incitam
500 2672 624 2715 equos
644 2656 876 2709 sustinere,
900 2660 938 2701 el
960 2654 1081 2700 brem·
1101 2654 1338 2708 moderari,
1359 2670 1410 2699 ac
1423 2654 1619 2713 flectere,
1645 2662 1683 2702 et
1709 2673 1790 2713 per
1808 2662 2020 2705 temonem

277 2731 555 2776 percurrere,
577 2722 616 2761 et
635 2717 685 2762 in
705 2714 820 2775 jugo
838 2715 1055 2769 insistere,
1087 2719 1126 2758 et
1154 2713 1261 2760 inde
1280 2728 1323 2759 se
1341 2714 1393 2760 in
1414 2728 1578 2761 currus
1598 2716 1805 2762 citissime
1828 2719 2023 2774 recipere

284 2777 601 2824 consueverint.

291 2855 566 2962 TBrcztn‘bus
586 2854 729 2913 atris]
793 2853 976 2910 Cetrae,
1007 2856 1132 2898 scuta
1153 2855 1298 2907 erant,
1330 2851 1406 2898 sed
1428 2851 1614 2908 minora,
1645 2868 1697 2901 ac
1718 2857 1858 2902 lorea.
1923 2855 2025 2902 The

336 2930 439 2971 urge
462 2948 473 2960 .

347 2992 661 3052 Tungrorum]
728 2991 926 3038 Plurima
974 2996 1154 3036 manent
1202 2991 1250 3037 in
1301 2991 1529 3038 Britannia
1578 2993 1732 3039 harum
1773 2993 2023 3040 cohortium

287 3079 587 3125 monumenta,
610 3069 652 3114 in
676 3068 829 3128 quibus
860 3084 965 3115 con.
1002 3083 1197 3114 evauno.
1225 3069 1417 3115 velcon.
1447 3088 1456 3113 ι
1484 3085 1714 3117 τνιωιιοιι.
1739 3086 1840 3117 κη..
1907 3071 2028 3118 vide

287 3131 508 3175 eruditum
531 3129 730 3182 Gordon,
754 3128 837 3173 loc.
862 3130 937 3173 cit.
963 3129 1142 3173 Tabula
1174 3128 1374 3175 XXXV.
1393 3137 1439 3174 et
1459 3144 1550 3189 seq.

347 3209 425 3253 Ad
456 3221 687 3253 mucrones
719 3221 771 3253 nc
800 3206 981 3266 manus]
1044 3206 1114 3251 Sic
1150 3207 1257 3252 olim
1310 3207 1600 3253 Germanicus
1646 3208 1887 3261 Romanos,
1927 3224 2028 3255 cum

289 3265 524 3312 Germanis
545 3266 856 3327 proeliatur-os,
889 3271 1135 3322 monuerat,
1167 3274 1215 3311 ut
1247 3268 1483 3312 demur-ent
1502 3267 1628 3322 irtus,
1651 3271 1690 3311 et
1707 3282 1783 3312 ora
1804 3268 2026 3314 mucroni-

289 3326 368 3372 bus
389 3330 663 3384 quaere-rent,
690 3326 850 3370 Annal.
880 3326 936 3370 ll.
964 3328 1028 3369 14.

340 3404 448 3450 Sine
468 3406 696 3465 mucrone]
762 3403 941 3448 Caesim
974 3418 1131 3465 nempe
1153 3405 1405 3465 pugnabant
1440 3405 1670 3463 Britanni3
1703 3406 1898 3465 punctim
1921 3422 2033 3453 vero

289 3463 497 3519 Romani,
520 3479 605 3523 qua
629 3463 848 3522 pugnandi
877 3463 1050 3507 ratione
1078 3466 1207 3508 citior
1236 3465 1486 3524 certiorque
1517 3480 1630 3509 mors
1653 3466 1787 3510 veuit.
1855 3466 1949 3511 llac
1971 3468 2029 3511 de

289 3538 340 3567 re
362 3525 490 3582 plum
513 3524 649 3568 babet
673 3521 902 3579 Vegetius,
929 3524 956 3566 l.
990 3526 1051 3567 12.
1118 3524 1406 3578 Compleoeum
1427 3530 1574 3568 autem
1595 3538 1824 3569 armorum
1852 3525 2031 3572 Gallice

291 3582 475 3627 dicimus
497 3581 564 3628 La
587 3581 749 3627 τηέίέεε
782 3596 881 3625 eum
904 3580 1098 3625 cominus
1131 3583 1360 3627 etcollato
1387 3583 1528 3642 gradu
1561 3584 1700 3629 hostis
1731 3582 1914 3647 petitur.
1939 3585 2029 3630 Sed

292 3640 421 3688 Grut.
447 3641 638 3689 nauem.
663 3640 787 3687 Brot.
810 3641 863 3687 in
882 3644 999 3686 arcto
1017 3640 1210 3687 malunt.
