2532 4164
919 260 1077 309 car.
1125 236 1475 308 26.-—-28.
1951 241 2043 314 81

307 419 372 474 et
394 414 591 473 silvae
615 413 909 490 fugientes
938 416 1245 483 texissent,
1282 416 1642 474 debellatum
1668 414 1774 474 illa
1797 415 2050 476 victoria

311 515 480 573 foret.
1750 573 1753 580 .

389 614 572 671 Cuius
598 612 930 674 constantia
956 629 1030 670 ac
1075 612 1231 670 t'ama
1281 612 1450 671 fem
1496 614 1809 680 exercitus,
1850 622 1866 647 ⁴
1899 614 2046 673 nibil
2068 601 2151 664 27

306 717 324 745 ‘
347 712 546 769 virtuti
611 729 750 768 suae
815 710 1044 769 invium
1072 732 1086 768 ε
1157 715 1575 785 penetrandam
1646 713 2050 782 Caledoniam,

311 811 883 884 ‘inveniendumque
923 812 1160 868 tandem
1204 811 1548 869 Britanniae
1576 813 1885 870 terminum
1912 829 2051 871 con-

312 915 327 942 ‘
353 908 518 966 tinuo
545 908 887 981 proeliorum
916 910 1124 974 cursu,’
1152 909 1494 968 fremebant.
1534 917 1707 985 atque
1745 911 1836 968 illi
1877 912 2051 969 modo

305 1007 465 1065 cauti
495 1023 565 1064 ac
593 1007 922 1082 sapientes,
953 1009 1202 1081 prompti
1231 1015 1361 1082 post
1387 1017 1669 1067 eventum
1706 1028 1777 1066 ac
1828 1010 2048 1085 magni·-

309 1106 466 1180 loqui
494 1112 676 1163 erant.
719 1106 1082 1180 iniquissima
1109 1109 1259 1164 haec
1310 1110 1590 1164 bellorum
1618 1108 1880 1165 conditio
1917 1113 2045 1167 est:

309 1222 578 1279 psospera
605 1222 808 1262 omnes
835 1204 949 1262 sibi
997 1205 1321 1272 vindicant,
1363 1207 1612 1262 adversa
1651 1207 1754 1263 uni
1782 1207 2050 1279 inputem·

311 1308 418 1390 tur.
503 1305 590 1361 At
631 1302 904 1362 Britanni
933 1322 1049 1361 non
1097 1303 1330 1369 virtute,
1351 1306 1456 1361 sed
1497 1305 1809 1362 occasione
1836 1313 1896 1362 et
1923 1311 2050 1364 arte

305 1418 436 1458 usos
464 1401 592 1465 rati,
621 1400 765 1459 nibil
816 1419 895 1459 ex
943 1401 1286 1476 adrogantia
1340 1402 1657 1468 remittere,
1697 1421 1815 1479 quo
1855 1403 2046 1462 miuus

303 1500 669 1558 iuventutem
703 1508 1011 1567 armarent,
1038 1500 1318 1575 coniuges
1340 1518 1412 1560 ac
1441 1501 1652 1560 liberos
1672 1502 1739 1560 in
1763 1504 1893 1561 loca
1923 1508 2051 1563 tuta

305 1597 698 1666 transferrent,
751 1598 1014 1657 coetibus
1063 1616 1136 1657 ac
1187 1599 1495 1659 sacrificiis
1553 1601 2048 1676 conspirationem

306 1697 619 1758 civitatum
637 1693 980 1758 sancirent.
1008 1704 1182 1774 atque
1218 1699 1304 1757 ita
1330 1699 1585 1759 inritatis
1612 1700 1898 1778 utrimque
1923 1702 2047 1761 ani-

310 1796 419 1856 mis
439 1796 780 1856 discessum.

385 1897 609 1978 Eadem
637 1901 861 1956 aestate
889 1897 1102 1955 cohors
1148 1898 1511 1972 Vsipiorum,
1539 1917 1642 1973 per
1696 1899 2046 1960 Germanias
2067 1899 2152 1960 2⁸

307 1996 655 2069 conscripta,
696 1995 759 2053 in
789 1996 1157 2055 Britanniam
1217 1997 1572 2064 transmissa,
1635 2015 1911 2074 magnum
1975 2016 2050 2058 ac

303 2096 681 2155 memorabile
745 2095 969 2154 facinus
1016 2113 1155 2154 ausa
1206 2103 1317 2154 est.
1401 2097 1618 2154 Occiso
1687 2097 2049 2157 centurione

304 2210 378 2252 ac
419 2194 718 2262 militibus,
758 2195 877 2269 qui,
916 2195 991 2252 ad
1034 2196 1377 2253 tradendam
1416 2188 1790 2269 disciplinam
1810 2195 2052 2256 inmixti

285 2293 642 2367 manipulis,
682 2295 1021 2367 exemplum
1074 2299 1138 2352 et
1197 2301 1454 2353 rectores
1508 2295 1889 2368 habebantur,
1931 2302 2050 2354 tres

304 2392 640 2460 liburnicas,
671 2392 895 2450 adactis
924 2410 1027 2466 per
1054 2393 1176 2451 vim
1204 2394 1706 2469 gubernatoribus,
1732 2396 2052 2454 adscende-

304 2507 366 2549 re
390 2511 404 2548 z
448 2496 510 2550 et
537 2509 654 2550 uno
680 2491 1020 2566 remigante,
1067 2493 1354 2566 suspectis
1381 2495 1621 2563 duobus,
1661 2512 1846 2571 eoque
1873 2494 2049 2553 intet-

304 2644 505 2693 ·Loclwre
523 2650 668 2693 exstat.
694 2645 841 2692 adhue
859 2660 1023 2705 magna
1042 2646 1185 2707 palus,
1210 2647 1348 2694 Dicta
1367 2646 1671 2704 lach-Levat,
1698 2648 1816 2694 unde
1848 2648 2051 2707 ingentes

306 2705 518 2752 arborum
536 2704 680 2752 trunci
700 2718 834 2765 saepe
868 2710 1098 2760 eruuntur,
1124 2707 1241 2766 quod
1261 2707 1553 2753 certissimum
1586 2712 1655 2753 est
1687 2707 1912 2764 silvarum,
1933 2721 2050 2769 quae

309 2763 371 2810 ibi
389 2765 532 2822 fuere,
553 2771 877 2823 argumentum.
940 2764 1060 2811 Vide
1080 2765 1304 2811 eruditum
1324 2765 1526 2823 Gordon,
1548 2766 1633 2812 loc.
1654 2764 1730 2812 cit.

367 2841 500 2890 Modo
521 2842 661 2903 cauti]
725 2843 816 2894 Qui
854 2843 1194 2902 regrediendum
1230 2844 1346 2889 eitra
1366 2843 1642 2902 Bodotriam,
1678 2845 1824 2906 specie
1856 2846 2048 2908 pruden-

311 2900 440 2956 tium,
460 2901 610 2961 ignavi
628 2902 969 2957 admonuerant,
990 2907 1042 2948 ut
1061 2903 1230 2950 dictum
1250 2911 1321 2950 est
1334 2912 1432 2965 cap.
1453 2918 1552 2964 sup.
1680 2912 1685 2919 ⁴

310 2981 840 3101 mamlflgigiorumj
906 2981 979 3030 De
1000 2982 1168 3045 Usipiis
1186 2982 1357 3031 dictum
1394 2998 1527 3045 supra
1554 2983 1614 3031 de
1632 2983 1845 3032 Moribus
1863 2983 2050 3032 Germa-

364 3118 573 3166 Immioett‘
591 3119 855 3182 maiman]
918 3121 1126 3169 Peditum
1152 3124 1284 3167 erant
1313 3120 1543 3181 manipuli,
1563 3125 1613 3167 ut
1634 3126 1810 3167 turmae
1829 3119 2046 3182 equitum.

306 3178 480 3225 Cohors
500 3193 609 3225 vero
630 3193 705 3226 sex
761 3181 858 3227 inta
875 3180 1132 3242 manipulis,
1152 3186 1232 3227 aut
1251 3179 1570 3233 contuberniis,
1592 3179 1639 3226 id
1657 3186 1727 3227 est
1744 3182 1832 3229 600
1861 3178 2049 3226 bomini-

308 3238 390 3284 bus
411 3237 662 3285 constabat.
766 3240 917 3286 oborti
950 3244 1157 3300 praeerat
1191 3240 1405 3285 centurio.
1471 3238 1663 3296 Singulis
1684 3238 1935 3299 manipulis,
1969 3251 2047 3285 seu

314 3296 616 3343 contuberniis
647 3297 921 3358 Usipiorum‚
942 3297 1109 3346 milites
1138 3299 1333 3346 Romani
1360 3299 1486 3345 suere
1516 3298 1721 3346 immixti.
1773 3297 2050 3366 ,Manipulos

311 3370 395 3417 pro
413 3356 713 3403 contuberniis
751 3357 840 3403 diri
859 3364 984 3418 patet
1014 3373 1070 3404 ex
1101 3358 1299 3417 Vegetio
1321 3359 1378 3404 ll.
1406 3361 1470 3404 13.
1538 3356 1631 3404 Alii
1668 3362 1798 3402 erant
1819 3356 2047 3417 manipuli,

315 3414 389 3476 qui
408 3415 578 3461 duabus
596 3415 826 3473 centuriis,
844 3431 923 3464 seu
942 3419 1029 3467 200
1045 3417 1315 3475 bominibus,
1334 3415 1617 3476 constabant,
1638 3420 1688 3464 ut
1707 3416 1839 3463 docet
1859 3415 2052 3465 cencius

308 3474 430 3535 apud
448 3473 669 3534 Gellium,
700 3473 832 3523 XVI.
865 3479 909 3523 4.
