2532 4164
442 312 583 377 124
816 330 913 378 nn
969 330 1427 379 oBA'rovas
1482 330 1836 380 manocvs

434 485 523 539 tus
552 504 564 537 :
608 486 668 539 et
696 500 799 555 pro
827 484 1102 542 memoria
1131 484 1248 541 mei
1276 501 1387 542 nec
1415 486 1681 543 consulat
1708 471 2026 560 quisquam,
2051 501 2163 542 nee

435 585 613 654 roget.
1386 599 1391 602 ⁴
2128 589 2131 592 '

333 673 410 728 14
512 679 777 735 Vixdum
830 679 1059 736 finierat
1112 679 1436 747 Maternus,
1503 680 1831 738 concitatus
1886 686 1946 737 et
2001 682 2166 739 velut

433 777 783 846 instinctus3
825 794 957 834 cum
985 779 1310 850 Vipstanus
1363 778 1620 837 Messala
1661 780 1992 837 cubiculum
2040 781 2167 837 eius

433 876 723 949 ingressus
812 883 920 943 est,
981 876 1416 951 suspicatusque
1483 895 1558 934 ex
1626 878 1754 950 ipsa
1833 878 2164 936 intentione

433 974 805 1049 singulorum,
871 975 1133 1032 altiorem
1200 976 1354 1032 inter
1419 992 1521 1032 eos
1587 993 1715 1032 esse
1796 993 2159 1033 sermonem:

435 1073 593 1129 Num
624 1091 819 1146 parum
847 1074 1246 1147 tempestivus,
1287 1073 1492 1147 inquit,
1534 1074 1846 1141 interveni,
1873 1081 2162 1133 secretum

432 1172 743 1230 consilium
772 1178 831 1229 et
853 1190 1091 1229 caussae
1130 1172 1385 1230 alicuius·
1423 1172 1864 1231 meditationem
1912 1178 2161 1231 tractan-

433 1268 584 1327 tibus
607 1268 631 1329 ’ἱ

513 1369 782 1436 Minime,
849 1368 1108 1435 minime,
1161 1368 1349 1443 inquit
1405 1370 1726 1437 Secundus,
1775 1374 1947 1444 atque
2013 1371 2161 1427 adeo

435 1469 649 1523 vellem
689 1468 963 1524 maturius
1005 1467 1439 1524 inter-venisses.
1485 1470 1836 1526 delectasset
1888 1469 2047 1526 enim
2101 1475 2161 1527 te

330 1615 341 1621 .
433 1572 491 1624 et
527 1567 672 1639 Apri
702 1567 881 1632 nostri
909 1566 1375 1623 adcuratissimus
1403 1584 1610 1634 sermo,
1636 1584 1769 1624 cum
1812 1568 2162 1636 Maternum,

432 1669 496 1721 ut
562 1681 734 1721 omne
796 1663 1093 1738 ingenium
1162 1681 1233 1722 ac
1295 1664 1546 1722 studium
1607 1684 1773 1723 snum
1812 1666 1888 1722 ad
1927 1682 2163 1723 caussas

429 1762 687 1836 agendas
714 1767 1101 1832 converteret,
1146 1764 1486 1822 exhortatus
1514 1768 1622 1831 est,
1650 1769 1711 1820 et
1756 1764 2011 1821 Materni
2056 1779 2162 1836 pro

432 1861 781 1920 carminibus
809 1862 927 1919 suis
957 1864 1127 1927 laeta,
1164 1867 1340 1937 utque
1380 1867 1580 1935 poetas
1618 1862 1857 1920 defendi
1894 1863 2162 1930 decebat,

431 1962 751 2029 audentior,
813 1966 874 2019 et
929 1964 1227 2034 poetarum
1293 1978 1466 2036 quam
1508 1967 1834 2032 ,oratorum
1898 1960 2160 2029 similior,
2202 2022 2209 2028 ,

431 2060 633 2118 oratio.

511 2159 617 2216 Me
645 2177 787 2217 vero
832 2159 1040 2234 inquit,
1068 2164 1129 2217 et
1174 2175 1366 2217 sermo
1407 2160 1534 2233 ipse
1579 2159 1808 2218 infinita
1859 2161 2160 2233 voluptate

431 2257 758 2325 adfecisset,
805 2264 977 2332 atque
1014 2258 1073 2314 id
1119 2258 1307 2331 ipsum
1349 2259 1623 2325 delectat,
1669 2260 1818 2333 quod
1870 2275 1994 2326 vos,
2043 2258 2158 2316 viri

430 2358 635 2430 optimi
666 2361 726 2413 et
756 2361 1072 2430 temporum
1102 2361 1421 2414 nostrorum
1459 2362 1733 2425 oratores,
1777 2373 1895 2415 non
1924 2357 2161 2414 sorensi-

430 2457 534 2511 bus
564 2446 787 2512 ta'ntum
826 2453 1074 2528 negotiis
1122 2459 1183 2512 et
1229 2456 1647 2514 declamatorio
1688 2456 1881 2513 studio
1921 2456 2162 2530 ingenia

430 2557 626 2610 vestra
672 2554 982 2620 exercetis,
1029 2555 1131 2611 sed
1175 2553 1460 2611 eiusmodi
1513 2554 1691 2611 etiam
1736 2554 2159 2627 disputationes

431 2652 765 2727 adiungitis,
794 2670 939 2728 quae
968 2657 1028 2709 et
1056 2652 1357 2727 ingenium
1399 2655 1582 2720 aiunt,
1612 2657 1674 2709 et
1720 2652 2060 2710 eruditionis
2099 2657 2159 2711 et

430 2751 748 2808 litterarum
774 2750 1250 2808 iucundissimum
1271 2753 1781 2821 oblectamentum,
1810 2769 1945 2808 cum
1974 2752 2160 2818 vobis,

428 2850 526 2924 qui
567 2850 668 2906 ina
707 2849 1032 2924 disputatis,
1074 2850 1356 2917 adserunt,
1385 2856 1503 2907 tum
1535 2851 1714 2908 etiam
1753 2850 1864 2917 his,
1903 2852 1975 2908 ad
2026 2868 2161 2925 quo-

429 2967 552 3005 rum
582 2966 746 3006 aures
777 2949 1164 3023 pervenerint.
1248 2950 1452 3023 Itaque
1517 2950 1772 3007 Hercule
1814 2966 1929 3007 non
1973 2926 2162 3005 mitius

429 3049 656 3120 probari
712 3049 885 3106 video
935 3049 995 3105 in
1042 3053 1121 3115 te,
1166 3049 1459 3115 Secunde,
1506 3050 1677 3122 quod,
1719 3047 1854 3104 luiii
1907 3047 2162 3105 Asiatici

430 3146 613 3203 vitam
662 3149 1084 3219 componendo,
1132 3164 1294 3220 spem
1336 3147 1664 3204 hominibus
1693 3146 1885 3203 fecisti
1914 3146 2160 3219 plurium

428 3246 709 3304 eiusmodi
754 3247 1046 3313 librorum,
1093 3261 1262 3319 quam
1311 3248 1373 3301 in
1415 3247 1596 3318 Apro,
1642 3247 1793 3319 quod
1842 3246 2098 3302 nondum
2126 3261 2162 3302 a

490 3403 583 3448 Nec
600 3400 797 3448 consulat
814 3400 1059 3459 quisquam,
1080 3413 1158 3445 nec
1176 3401 1316 3460 roget]
1350 3398 1566 3446 Consuiat
1582 3403 1724 3455 vates,
1747 3402 1873 3456 roget
1888 3397 2156 3458 Principem.

429 3462 547 3511 Quid
580 3462 683 3510 ita?
714 3459 817 3520 quia
850 3460 1070 3513 crebrum,
1110 3463 1162 3504 ut
1192 3460 1409 3505 memoria
1440 3459 1728 3511 damnaretur
1761 3457 2084 3516 defunctorum,
2118 3456 2188 3504 id·

428 3526 510 3576 est,
531 3520 666 3579 tituli,
687 3518 918 3580 imagines,
940 3518 1141 3565 honores.
1208 3516 1333 3575 Lips.
