2532 4164
486 385 629 455 126
1134 407 1353 456 mnu

480 558 734 612 Tiberius
762 557 912 612 Nero
951 560 1021 611 ab
1063 559 1311 628 Augusto
1359 558 1669 626 Imperator
1702 558 2021 626 appellatur
2043 564 2099 623 ῐ.

549 648 600 697 3.
628 647 698 698 ab
722 661 788 698 eo
824 645 1116 711 adoptatur
1145 651 1189 705 l,
1214 649 1265 697 3.
1295 646 1583 713 imperium
1608 643 1929 712 adipiscitur
1968 648 2016 703 1.
2040 648 2100 709 5,

554 731 935 784 Germanicum
963 734 1124 784 timet
1147 732 1375 800 oditque
1419 737 1465 791 1,
1494 736 1543 784 7.
1569 734 1656 783 52.
1694 733 1811 784 eius
1836 747 2014 784 morea
2042 736 2096 793 1.

549 821 600 869 4.
638 821 867 869 obseura
913 818 1081 869 verba
1131 821 1176 875 1.
1233 822 1311 868 11.
1356 817 1422 870 ad
1464 820 1747 871 exercitas
1778 832 1837 870 se
1885 817 2101 870 iturum

551 906 772 956 simulat
818 909 862 964 1,
908 909 991 954 47.
1034 904 1226 956 Iuliam
1275 906 1406 956 olim
1443 920 1672 958 uxorem
1715 909 1875 957 necat
1913 910 1959 962 1.
2002 906 2097 956 53.

553 988 758 1042 Sodalis
797 991 1105 1058 Augustalis
1151 996 1197 1051 1.
1225 994 1312 1044 53.
1348 995 1464 1044 eius
1508 993 1563 1044 in
1601 993 1956 1060 Agrippinam
1981 1005 2101 1043 sus-

555 1078 699 1143 picio
723 1082 785 1129 et
808 1077 991 1129 odium
1020 1082 1064 1136 1.
1091 1079 1178 1128 69.
1205 1079 1259 1129 in
1287 1082 1412 1131 aeta
1436 1094 1532 1130 sua
1569 1078 1733 1131 iurari
1759 1079 2015 1144 probibet
2043 1082 2100 1137 1,

554 1167 639 1216 72.
689 1167 859 1230 patris
910 1165 1122 1230 patriae
1172 1179 1368 1219 nomeu
1417 1171 1633 1217 recusat
1683 1170 1730 1223 1.
1782 1167 1866 1216 72.
1916 1165 2101 1232 legem

558 1252 861 1302 maiestatis
898 1248 1112 1302 reducit
1165 1254 1209 1308 1,
1262 1252 1348 1301 72.
1399 1248 1903 1316 imperiaadfinem
1945 1251 2102 1302 vitae

554 1337 838 1387 continuat
868 1340 914 1394 1.
933 1338 1018 1386 80.
1061 1333 1364 1402 imperator
1388 1335 1657 1386 salutatur
1680 1351 1714 1386 a
1748 1336 2014 1388 militibus
2038 1336 2097 1395 2,

551 1425 632 1473 18.
690 1421 1012 1490 Vrgulaniae
1053 1420 1209 1473 adest
1242 1420 1385 1488 apud
1410 1419 1729 1473 Praetorem
1750 1423 1802 1478 2.
1828 1425 1915 1473 34.
1939 1424 2101 1474 here-

551 1510 772 1566 ditates.
801 1512 900 1562 nisi
939 1511 1252 1563 amicorum.
1297 1523 1400 1560 nou
1443 1508 1578 1560 adiit
1605 1511 1655 1566 2.
1702 1511 1783 1560 48.
1812 1510 1999 1560 novies
2024 1509 2100 1562 ab

527 1631 528 1636 =
553 1597 799 1663 Angusto
825 1599 880 1646 iu
903 1594 1246 1645 Germaniam
1273 1595 1463 1644 missus
1498 1596 1550 1650 2.
1585 1596 1668 1644 56.
1695 1593 1946 1646 domiuus
1985 1593 2101 1646 diei

554 1697 659 1733 non
710 1682 824 1732 vult
873 1683 924 1739 2,
966 1683 1052 1731 87.
1092 1678 1400 1731 Germanici
1445 1687 1622 1734 morte
1666 1682 1903 1733 laetatur
1946 1684 1998 1738 3.
2039 1683 2101 1734 2.

557 1767 736 1818 firmus
774 1765 1027 1818 adversus
1073 1767 1364 1833 pecuniam
1410 1770 1463 1825 3.
1520 1770 1602 1819 18.
1656 1770 1710 1819 in
1744 1768 2103 1835 Campaniam

560 1845 916 1918 proficiscitur
939 1854 990 1911 3,
1014 1855 1104 1904 31.
1150 1857 1201 1911 4.
1243 1854 1332 1903 57.
1373 1854 1489 1905 eius
1531 1852 1922 1919 literae-super
1971 1854 2101 1906 luxu

562 1937 806 1989 civitatis
841 1941 894 1997 3,
919 1938 1005 1988 53.
1032 1939 1087 1988 in
1110 1935 1351 1989 deterius
1389 1942 1635 1996 mutatur
1658 1944 1709 1995 4.
1740 1941 1790 1989 6.
1818 1941 1933 1991 eius
1964 1940 2111 1991 libe—

501 2065 510 2073 .
562 2025 749 2075 ralitas
791 2026 841 2081 2,
893 2027 977 2075 48.
1027 2023 1352 2091 parsimonia
1411 2027 1460 2082 3.
1510 2026 1596 2075 52.
1652 2023 1881 2077 Drusum
1929 2025 2104 2078 filium

501 2154 518 2171 .,
563 2115 834 2163 mortuum
872 2109 1056 2163 laudat
1082 2115 1133 2170 4.
1166 2114 1250 2162 12.
1275 2111 1590 2177 spernendis
1629 2114 1923 2166 bonoribus
1962 2113 2105 2167 vali-

563 2198 660 2250 dus
697 2207 746 2256 4,
788 2203 871 2250 73.
910 2202 1026 2250 eius
1077 2199 1435 2265 templum.4.
1467 2200 1546 2250 15.
1591 2201 1648 2252 in
1669 2201 1928 2252 ulteriore
1970 2198 2104 2251 His-

565 2288 756 2351 paniae
783 2289 832 2343 4,
870 2287 954 2335 37.
997 2284 1257 2350 Smyrnae
1298 2288 1348 2341 4.
1386 2286 1475 2336 56.
1522 2288 1704 2337 omnia
1726 2284 1890 2343 ,faeta
1925 2284 2107 2336 dieta-

565 2388 670 2439 que
701 2372 927 2437 Augusti
963 2371 1222 2426 observat
1244 2375 1297 2430 4,
1319 2373 1405 2423 37.
1434 2373 1550 2424 eius
1583 2372 1782 2438 effigies
1824 2376 1873 2429 4.
1901 2374 1983 2423 64.
2012 2375 2103 2423 74.

565 2458 781 2509 habitus
806 2456 1045 2523 corporis
1071 2461 1128 2515 4,
1148 2458 1233 2508 57.
1273 2456 1637 2509 munificentia
1658 2459 1711 2514 2.
1738 2460 1819 2509 48.
1859 2461 1910 2516 4.
1934 2459 2022 2507 64.
2048 2457 2104 2517 6,

564 2547 647 2595 45.
689 2547 744 2595 in
788 2544 1014 2595 insulam
1057 2542 1294 2608 Capreas
1330 2558 1390 2593 se
1430 2541 1585 2594 abdit
1608 2547 1658 2600 4.
1701 2546 1789 2594 67.
1838 2545 1892 2595 in
1933 2556 2105 2609 specu

571 2631 874 2697 periculum
924 2630 1040 2681 adit
1086 2634 1137 2687 4.
1186 2631 1273 2681 59.
1320 2630 1437 2681 eius
1477 2629 1772 2682 dominatio
1812 2631 2108 2682 violentior

509 2760 516 2765 .
568 2724 782 2767 mortua
804 2720 979 2766 matre
1003 2717 1053 2773 5,
1081 2717 1133 2765 3.
1160 2715 1394 2767 saevitia
1423 2716 1477 2766 in
1502 2712 1675 2766 Druso
1698 2720 1899 2782 nepote
1934 2719 1985 2775 6,
2008 2717 2103 2767 23.

503 2836 510 2843 ·
568 2804 657 2852 24.
696 2799 946 2851 libidines
972 2802 1020 2859 6,
1052 2803 1099 2849 l.
1127 2801 1349 2852 litterae
1374 2804 1423 2859 6,
1452 2803 1499 2853 6.
1529 2802 1737 2853 seelera
1778 2803 1827 2861 6,
1854 2804 1906 2853 6.
1947 2800 2104 2854 debi-

568 2888 774 2940 toribus
822 2887 1076 2938 subvenit
1122 2888 1175 2946 6,
1226 2890 1309 2937 17.
1347 2886 1557 2940 Galbae
1605 2890 1878 2957 praesagit
1928 2889 2104 2955 impe-

567 2976 706 3028 rium
747 2977 796 3034 6.
839 2975 926 3025 20.
964 2971 1247 3025 Chaldaeis
1281 2972 1377 3025 dat
1412 2989 1636 3041 operam
1685 2973 1817 3027 ibid.
1864 2975 2106 3027 vestium

571 3068 790 3131 aggestu
817 3064 1042 3112 necatur
1066 3061 1124 3119 6.
1158 3062 1244 3110 50.
1283 3061 1401 3112 vita
1446 3062 1562 3111 eius
1600 3063 1661 3112 et
1700 3074 1875 3113 meres
1919 3062 1971 3120 6,
2013 3061 2104 3111 51.

572 3149 884 3215 eloquentia
912 3148 991 3201 13.
1016 3148 1068 3196 3.
1098 3147 1333 3218 impeta-t
1354 3145 1506 3201 annis
1546 3143 1738 3201 xxm
1926 3144 1996 3197 0.
2037 3148 2109 3197 17

504 3234 756 3288 Tiberius
780 3232 940 3290 Drusi
963 3231 1103 3286 filius
1952 3231 2006 3290 6,
2032 3232 2110 3287 40

508 3319 704 3380 Tibul*
1952 3318 2013 3380 62-
2035 3318 2109 3373 ᾔ
