2532 4164
966 315 1123 364 οΑΡ.
1176 297 1297 363 45.
1349 294 1469 364 46.
1947 301 2087 367 103

340 461 698 539 compositus
739 484 823 536 es,
863 472 924 525 et
954 469 1274 527 novissima
1302 469 1363 525 in
1394 471 1526 527 luce
1553 470 1959 530 desideravere
1986 473 2089 532 ali·

345 569 484 644 quid
511 567 666 625 oculi
697 566 801 623 tui.

432 667 502 724 Si
544 666 671 740 quis
728 664 949 738 piorum
998 665 1262 722 manibus
1313 668 1513 736 locus3
1570 667 1639 734 si,
1696 673 1757 724 ut
1812 670 2090 741 sapienti·
2110 673 2198 733 46*

342 766 449 823 bus
506 767 718 837 placet,
762 782 879 821 non
942 780 1076 821 cum
1126 782 1364 837 corpore
1437 767 1885 839 exstinguuntur
1933 788 2088 846 mag-

344 881 458 921 nae
529 862 797 920 animaez
887 863 1115 934 placide
1172 865 1454 936 quiescas,
1531 884 1768 939 nosque,
1854 870 2089 930 domum

352 965 530 1028 tuam,
559 963 633 1016 ab
681 960 909 1017 infirmo
935 961 1244 1028 desiderio,
1285 969 1343 1018 et
1400 961 1767 1021 muliebribus
1797 967 2089 1035 lamentis,

350 1060 427 1117 ad
454 1060 1010 1128 contemplationem
1040 1059 1317 1117 virtutum
1349 1067 1569 1120 tuarum
1600 1081 1795 1128 voces,
1823 1084 1963 1139 quas
1992 1085 2089 1125 ne·

354 1176 465 1231 que
495 1158 696 1229 lugeri,
746 1176 931 1231 neque
964 1159 1161 1230 plangi
1191 1159 1276 1214 fas
1303 1167 1428 1216 est:
1473 1163 1855 1222 admiratione
1906 1174 1964 1223 te
1991 1185 2089 1241 po-

351 1255 489 1316 tius.
520 1273 689 1328 quam
721 1256 1130 1327 temporalibus
1161 1259 1439 1324 laudibus,
1467 1268 1544 1327 et,
1572 1262 1622 1317 si
1655 1268 1855 1320 natura
1885 1283 2090 1337 suppe-

350 1353 523 1417 ditet,
566 1354 957 1437 aemulatione
1012 1358 1372 1414 decoremus.
1457 1360 1515 1416 Is
1546 1377 1713 1417 verus
1761 1364 1967 1428 honos,
2015 1383 2089 1424 ea

350 1449 818 1509 coniunctissimi
850 1453 1125 1528 cuiusque
1155 1456 1356 1527 pietas.
1442 1461 1508 1515 ld
1535 1460 1687 1516 filiae
1717 1479 1959 1537 quoque,
1987 1485 2088 1524 ux-

349 1551 550 1621 orique
604 1552 1016 1622 praeceperim,
1066 1554 1153 1609 sic
1189 1556 1385 1624 patris,
1413 1556 1500 1612 sic
1531 1558 1717 1615 mariti
1751 1564 2088 1624 memoriam

350 1649 640 1714 venerari,
684 1657 742 1705 ut
783 1650 978 1706 omnia
1007 1652 1161 1707 facta
1201 1653 1472 1727 dictaque
1512 1658 1637 1713 eius
1675 1676 1871 1717 secum
1902 1668 2088 1723 revol-

354 1754 513 1814 vant,
544 1747 866 1820 famamque
895 1765 965 1805 ac
991 1750 1226 1820 figuram
1254 1752 1454 1817 animi,
1484 1757 1664 1827 magis
1693 1777 1861 1831 quam
1890 1779 2089 1835 corpo-

350 1845 446 1908 ris,
465 1848 942 1916 complectantur.
960 1866 1076 1905 non
1089 1849 1221 1921 quia
1240 1833 1719 1911 intercedendum
1733 1867 1927 1927 putem
1948 1843 2087 1919 ima-

351 1943 600 2017 ginibus,
628 1961 774 2017 quae
805 1962 1083 2002 marmore
1109 1954 1207 2003 aut
1233 1966 1369 2004 aere
1398 1950 1716 2024 finguntur:
1746 1957 1846 2011 sed
1877 1965 1938 2013 ut
1966 1962 2088 2017 vul-

358 2046 449 2099 tus
481 2036 795 2107 bominum,
828 2042 910 2100 ita
949 2044 1259 2102 simulacra
1291 2049 1483 2104 vultus
1530 2049 1810 2109 inbecilla
1838 2072 1907 2112 ac
1939 2075 2087 2117 mor·

416 2215 479 2262 Ut
510 2216 779 2273 sapientibus
794 2219 952 2276 placet]
1019 2219 1227 2278 Epicurei
1246 2220 1415 2268 animas
1444 2238 1540 2269 cum
1557 2239 1744 2286 corpore
1774 2230 1989 2289 exstingui
2008 2233 2088 2280 do-

355 2290 500 2321 cuere.
579 2275 792 2321 Socratici
825 2284 869 2321 et
910 2276 1128 2322 Platonici
1166 2293 1242 2323 eas
1282 2280 1553 2330 immortales
1591 2299 1685 2331 esse
1727 2291 2084 2346 pronuntiarunt.

353 2334 477 2380 inter
497 2341 707 2394 utrosque
727 2335 914 2380 medi-am
934 2338 1047 2381 viam
1081 2336 1259 2393 ingressi
1299 2340 1451 2396 Stoici,
1492 2357 1670 2400 magnas
1710 2347 1884 2406 quidem
1918 2351 2088 2399 animas

350 2393 499 2438 felices
517 2395 702 2446 futuras,
724 2397 769 2437 et
790 2399 972 2438 aeterna
991 2394 1223 2440 sortitus-as
1255 2398 1470 2457 scripsere
1490 2420 1500 2442 z
1536 2417 1650 2462 quae
1680 2410 1842 2459 tamen,
1867 2422 1967 2454 cum
1988 2410 2088 2456 Deo

351 2451 498 2497 visum
518 2452 602 2495 erit
619 2453 784 2497 iterum
802 2453 886 2497 istu
905 2453 1073 2504 moliri,
1091 2455 1343 2501 labentibus
1377 2459 1562 2514 cunctis,
1583 2466 1628 2505 et
1649 2461 1787 2522 ipsae.
1842 2481 1947 2511 arva
1970 2470 2087 2515 ruin-

352 2524 409 2555 ae
430 2510 618 2566 ingentis
638 2510 842 2565 accessio,
863 2511 917 2556 in
946 2512 1127 2571 antiqua
1145 2515 1354 2560 elementa
1372 2519 1616 2564 vertendae
1635 2528 1751 2568 sunt.
1860 2526 1932 2570 ide
1954 2529 2085 2573 Sene-

351 2582 464 2622 cam,
486 2568 660 2614 Comol.
692 2569 752 2613 ad
780 2569 1015 2625 Marciam,
1036 2585 1133 2629 cap.
1156 2573 1236 2617 ult.
1291 2574 1459 2620 Melius
1479 2577 1710 2638 veriusque
1743 2582 2018 2638 Macrobius,
2041 2585 2086 2632 in

355 2627 582 2672 Somnium
622 2627 837 2686 Scipionis
879 2630 909 2673 l.
959 2633 1019 2674 Μ.
1085 2630 1296 2676 obtinuit
1323 2646 1414 2678 non
1451 2634 1602 2682 minus
1642 2639 1697 2683 de
1731 2640 2088 2697 incorporalitate

348 2685 537 2737 animae,
559 2700 692 2743 quam
710 2685 763 2730 de
782 2686 1110 2732 immrtolv'late
1139 2691 1353 2736 sententia
1368 2707 1388 2746 ;
1416 2706 1604 2754 eamque
1624 2698 1849 2744 nationum
1889 2704 2086 2750 omnium

352 2757 563 2790 consensu
601 2744 791 2790 adstruit
810 2745 988 2791 Tullius
1010 2746 1133 2792 hibr.
1160 2750 1192 2793 l.
1220 2749 1457 2798 Tusculan.
1480 2753 1799 2812 quaestionum.
1837 2776 1971 2817 tr*-

411 2820 743 2877 Temporalibus
764 2824 995 2883 laudibus]
1062 2826 1110 2870 ln
1133 2829 1215 2871 bac
1242 2829 1478 2884 Agricolae
1500 2832 1610 2887 vita,
1643 2834 1751 2880 nihil
1773 2820 2086 2898 {Zipbeticam

352 2893 558 2940 pompam
596 2882 902 2941 compositum.
922 2883 1069 2928 omnia
1091 2885 1146 2930 ad
1186 2886 1427 2940 lugentium
1461 2892 1721 2939 modestiam
1741 2902 1911 2943 exacta.
1948 2942 1953 2957 ,
1980 2901 2090 2947 lnde

357 2952 442 2983 non
466 2939 751 2995 immortales,
774 2941 850 2986 sed
889 2943 1155 3003 temporales
1175 2952 1349 2990 tantum
1369 2954 1412 2990 et
1475 2950 1661 2996 erituras
1680 2952 1833 3000 laudes
1865 2959 2090 3015 promittit

350 2996 548 3042 Tacitus.
616 2998 711 3043 Nec
731 2999 865 3045 aliter
899 3001 1100 3057 egregius
1131 3002 1308 3049 vii-tutis
1347 2962 1556 3053 laudium·
1574 3016 1619 3052 et
1640 3016 1796 3057 auctor
1825 3013 2089 3064 Fredericus

354 3055 417 3100 111
459 3071 557 3101 cum
574 3056 833 3109 Henricnm,
860 3059 1056 3104 Prussiae
1082 3062 1343 3122 Principem,
1368 3064 1585 3121 laudaret,
1605 3069 1775 3129 scripsit
1791 3091 1805 3115 .·
1837 3073 1879 3118 Ο
1903 3075 2087 3132 Prince,

353 3117 432 3172 qui
452 3115 594 3161 savies
613 3117 805 3163 mmbim
826 3131 933 3163 vous
951 3120 1126 3164 m’e'h'ez
1158 3121 1272 3171 cher.
1302 3124 1495 3170 combien
1523 3130 1642 3171 voire
1674 3143 1886 3181 personne
1919 3134 2088 3180 m‘etoit

349 3173 574 3228 precieuse
589 3190 610 3229 ;
641 3174 682 3219 si
700 3177 745 3220 la
775 3176 877 3221 voix
896 3177 970 3221 des
1006 3179 1177 3225 vizwnts
1213 3187 1318 3234 peut
1350 3197 1391 3226 se
1413 3183 1546 3238 faire
1581 3188 1788 3232 mlendre
1825 3190 1898 3234 des
1935 3198 2086 3250 moris,

345 3230 499 3287 prfitez
532 3235 744 3279 attention
763 3235 793 3279 ὰ
823 3249 911 3280 une
944 3235 1046 3280 voz‘oe
1063 3239 1141 3295 qui
1169 3253 1223 3283 ne
1258 3255 1364 3285 vous
1382 3242 1472 3297 fut
1506 3258 1597 3298 pas·
1615 3245 1863 3292 inconnue:
1896 3252 2089 3310 souffree

349 3303 431 3348 qu«-
450 3305 493 3336 ce
534 3292 702 3347 fragile
719 3298 987 3348 monument,
1026 3296 1065 3340 le
1084 3298 1192 3347 seul.
1229 3298 1382 3345 helas!
1409 3315 1489 3357 que
1513 3302 1565 3358 je
1600 3303 1700 3358 puis
1742 3306 1939 3362 erigere)
1969 3318 2089 3357 voire

351 3349 574 3403 me'mm're,
594 3365 701 3396 vous
720 3352 799 3396 soit
820 3353 940 3396 elene·
1031 3353 1171 3407 Eleae
1191 3357 1253 3402 du
1279 3358 1445 3404 Princo
1463 3359 1631 3414 Hem-i,
1660 3377 1743 3417 par
1761 3364 1795 3409 S
1829 3365 1894 3410 M.
1939 3369 1978 3413 le
2004 3370 2088 3416 Ros*

348 3406 403 3451 de
426 3407 608 3454 Prusse.
670 3409 1013 3456 observaverim
1034 3413 1078 3458 in
1100 3414 1225 3471 bujiis
1263 3417 1532 3464 laudationis
1551 3421 1828 3467 conclusione
1862 3441 2087 3483 eglesiam

347 3463 513 3573 inessaetzu
509 3467 660 3514 Taciti
696 3468 1007 3530 imitationem,
1029 3478 1108 3518 aut
1134 3473 1283 3534 potius
1302 3477 1508 3524 eumdem
1534 3487 1722 3526 naturae
1758 3496 1931 3532 sensum
1949 3496 2089 3548 atque

346 3536 463 3586 impe
518 3540 576 3573 m.
