2532 4164
420 234 517 299 54
988 253 1052 300 1v
1064 250 1164 299 Lu
1217 251 1459 298 Aemo.
1511 251 1686 298 vrm

490 411 539 456 et
565 406 645 456 19.
683 407 771 457 20.
807 405 1175 465 moderatione,
1213 404 1514 470 prudentia,
1539 403 1869 465 abstinentia,
1906 404 2166 469 aequitate

490 494 551 545 in
574 495 813 559 obsequio
837 496 1040 559 retinet,
1063 498 1152 547 21.
1192 493 1497 560 animosque
1521 494 1723 545 artibus
1746 499 1794 545 et
1818 494 2168 560 voluptatibus

491 584 681 635 mollit.

419 674 507 726 22.
544 675 632 725 23.
671 672 828 726 Nova
851 675 1108 740 expeditio
1147 688 1309 726 novas
1343 679 1522 739 gentes
1560 672 1749 739 aperit,
1791 688 1919 739 quae
1962 673 2167 739 praesi-
2232 660 2236 664 ’

490 763 576 814 dio
605 762 925 828 firmantur.
1023 763 1311 828 Agricolae
1361 764 1556 815 condor
1617 763 1679 814 in
1732 765 2166 817 communicanda

484 853 679 918 gloria.
750 855 839 904 24.
891 851 1187 904 Consilium
1224 854 1285 904 de
1323 851 1620 919 occupanda
1669 852 1950 905 Hibernia.
2021 854 2162 905 25-

490 945 576 995 27.
649 941 896 994 Civitates
919 948 1065 995 trans
1093 942 1403 995 Bodotriam
1445 943 1573 994 sitae
1610 944 1971 1008 explorantur.
2044 942 2164 996 Cal-

490 1031 681 1091 edonii,
712 1030 980 1084 Romanos
1024 1032 1274 1097 adgressi,
1316 1033 1534 1084 consilio
1578 1034 1830 1098 ductuque
1877 1032 2162 1097 Agricolae

484 1121 645 1187 pulsi,
683 1120 958 1188 sacrificiis
981 1118 1424 1188 conspirationem
1447 1123 1722 1175 civitatum
1744 1124 2003 1176 sanciunt.
2072 1125 2160 1176 28.

498 1209 558 1262 V
551 1211 809 1276 sipiorum
858 1215 1041 1264 cohors
1075 1213 1218 1264 miro
1241 1227 1365 1264 casu
1407 1211 1754 1264 Britanniam
1802 1213 2167 1266 circumvecta.

490 1299 776 1363 Agricolae
804 1301 965 1367 filius
1015 1302 1140 1353 obit.
1234 1303 1321 1352 29.
1363 1300 1576 1353 Bellum
1620 1301 1871 1354 Britanni
1916 1309 2168 1369 reparant

490 1387 714 1454 Calgaco
751 1392 893 1449 duce,
944 1391 1092 1442 cuius
1137 1393 1363 1443 30-32,
1417 1391 1588 1443 oratio
1634 1392 1702 1444 ad
1743 1407 1880 1444 suos.
1951 1396 2038 1444 33.
2075 1397 2164 1445 34.

489 1479 760 1533 Romanos
800 1497 995 1547 quoque
1037 1482 1283 1535 hortatur
1305 1479 1581 1545 Agricola.
1653 1483 1877 1535 35—37.
1914 1482 2089 1537 Atrox
2111 1489 2167 1537 et

490 1577 764 1622 cruentum
785 1570 1067 1636 proelium.
1139 1573 1226 1622 38.
1251 1569 1425 1622 Penes
1448 1569 1721 1623 Romanos
1738 1571 1977 1624 victoria.
2048 1572 2165 1639 Ag-

490 1659 659 1710 ricola
687 1659 1030 1712 Britanniam
1055 1659 1377 1712 circumvehi
1395 1661 1678 1727 praecipit.

423 1750 509 1802 39.
552 1747 912 1809 Domitianus,
933 1748 1125 1816 fronte
1175 1751 1357 1810 laetus,
1402 1757 1607 1816 pectore
1656 1750 1864 1812 anxius,
1910 1753 2166 1806 nuncium

490 1841 738 1892 victoriae
779 1839 989 1905 eoecipit.
1060 1842 1146 1891 40.
1185 1838 1431 1893 Honores
1468 1847 1644 1893 tamen
1678 1840 1963 1904 Agricolae
2000 1843 2168 1895 decer-

489 1930 553 1981 ni
575 1930 732 1988 iubet,
773 1930 974 1982 condito
1013 1929 1147 1989 odio,
1174 1933 1332 1982 donec
1365 1930 1641 1995 provincia
1664 1931 1867 1983 decedat
1889 1931 2166 1996 Agricola.

493 2019 547 2072 Is
563 2021 726 2072 redux
743 2020 962 2071 modeste
986 2020 1113 2085 agit.
1174 2023 1258 2071 41.
1287 2018 1600 2071 Periculum
1625 2021 1688 2070 ab
1713 2020 2100 2074 adcusatoribus
2121 2028 2173 2075 et

490 2112 864 2163 laudatoribus.
937 2112 1022 2162 42.
1060 2109 1298 2162 Excusat
1320 2125 1390 2170 se,
1431 2126 1496 2161 ne
1539 2110 1872 2176 provinciam
1912 2113 2171 2167 sortiatur

488 2200 806 2268 ‘Proconsul
878 2204 961 2252 43.
1001 2199 1127 2251 Obit
1150 2216 1258 2251 non
1281 2200 1393 2252 sine
1432 2201 1619 2252 veneni
1641 2201 1949 2267 suspicione,
1977 2219 2010 2255 a
2051 2203 2169 2258 Do-

491 2292 718 2342 mitiano
757 2291 884 2343 dati.
957 2294 1043 2342 44.
1081 2289 1220 2340 Eius
1262 2296 1421 2349 aetas,
1469 2290 1693 2351 habitus,
1737 2293 1980 2352 honores,
2030 2310 2167 2362 opes.

493 2382 578 2430 45.
643 2379 841 2431 Mortis
899 2379 1263 2445 opportunitas
1310 2385 1429 2430 ante
1480 2377 1793 2433 Domitiani
1853 2384 2166 2437 atrocitates.

492 2472 577 2521 46.
618 2468 837 2529 Questus
883 2469 1110 2521 auctoris
1135 2475 1183 2520 et
1205 2483 1269 2519 em
1292 2469 1483 2521 virtute
1523 2470 1728 2524 solatia.
1799 2470 1974 2525 Fama
1996 2472 2169 2542 Agri-

495 2559 632 2609 colae
658 2560 725 2609 ad
741 2565 974 2625 posteros
999 2558 1328 2610 transmissa.

367 2695 791 2774 ICLARORUM
837 2717 1087 2773 virorum
1115 2715 1272 2773 sacta
1320 2733 1621 2792 moresque
1666 2718 1909 2791 posteris
1939 2721 2166 2779 tradere

424 2826 740 2899 antiquitus
801 2824 1092 2888 usitatum,
1142 2842 1214 2880 ne
1272 2824 1479 2888 nostris
1508 2824 1742 2898 quidem
1795 2827 2169 2899 temporibus,

424 2942 766 3000 quamquam
805 2922 1096 2981 incuriosa
1139 2940 1367 2980 suorum
1422 2929 1583 2979 aetas
1636 2925 1852 2991 omisit,
1898 2925 2167 2999 quotiens

424 3042 635 3098 magna
674 3024 865 3098 aliqua
893 3040 964 3081 aa
1011 3011 1222 3080 nobilis
1269 3024 1450 3081 virtus
1490 3024 1638 3081 vicit
1686 3044 1757 3084 ac
1797 3043 2167 3099 supergressa

423 3129 513 3182 est
545 3123 770 3191 vitium,
822 3122 1023 3208 paq-vis
1058 3122 1396 3202 magnisque
1444 3124 1786 3182 civitatibus
1826 3143 2164 3196 commune,

488 3225 812 3298 uprant'mm
860 3217 1007 3279 recti
1054 3228 1114 3279 et
1155 3222 1458 3279 invidiam.
1545 3225 1661 3280 Sed
1720 3228 1871 3297 apud
1927 3229 2167 3299 priores,

372 3242 687 3398 ’θήξετε
718 3329 1034 3382 memoratu
1073 3323 1248 3398 digna
1297 3340 1537 3395 pronum
1582 3325 1876 3399 magisque
1916 3326 1979 3383 in
2005 3343 2168 3399 aper-

404 3425 488 3486 to
532 3430 686 3495 erat3
749 3422 834 3480 it'a
879 3423 1291 3482 celeberrimus
1338 3422 1576 3501 quisque
1618 3423 1878 3502 ingenio,
1922 3426 1997 3482 ad
2041 3440 2168 3499 prov-
