2532 4164
1016 344 1171 393 cn.
1226 327 1461 391 3.—5.
2058 326 2103 394 7

371 517 559 574 neque
588 498 848 556 refellere
874 498 939 556 in
966 498 1164 556 animo
1190 507 1314 558 est:
1354 517 1430 557 ex
1458 499 1698 574 ingenio
1732 517 1837 558 suo
1862 501 2100 576 quisque
2127 496 2133 502 ’

371 599 588 664 demat,
617 598 906 654 vel'addat
934 597 1125 655 fidem.
1206 599 1341 671 lpse
1377 616 1574 656 eorum
1599 598 1966 670 opinionibus
2008 617 2100 657 ac·
2122 594 2164 652 4

370 697 538 762 cedo,
585 696 685 770 qui
712 696 1106 754 ‘Germaniae
1160 699 1401 769 populos
1455 698 1627 754 nullis
1676 697 1807 754 aliis
1859 698 2100 756 aliarum

367 801 386 829 ‘
407 795 709 852 nationum
737 794 1042 852 connubiis
1070 794 1337 861 infectos,
1383 795 1667 868 propriam
1699 796 1771 851 'et
1810 795 2100 853 sinceram

369 899 387 927 ‘
409 898 471 950 et
499 899 720 951 tantum
762 893 853 950 sui
884 893 1130 951 similem
1174 900 1409 967 gentem
1453 892 1781 962 exstitisse?
1811 895 2099 951 *arbitran-

368 997 476 1050 tur.
521 995 676 1050 vnde
720 992 948 1049 habitus
1000 1009 1223 1067 quoque
1272 1009 1598 1065 corporum,
1644 1008 1984 1067 quamquam
2034 991 2099 1050 in

372 1094 534 1148 tanto
598 1091 897 1148 hominum
974 1107 1229 1158 numero,
1308 1091 1463 1149 idem
1530 1090 1837 1148 omnibus:
1907 1096 2097 1148 truces

370 1194 433 1246 et
484 1189 738 1247 caerulei
784 1189 962 1251 oculi,
988 1189 1195 1246 rutilae
1242 1205 1466 1255 comae,
1514 1205 1723 1262 magna
1748 1205 1988 1260 corpora
2036 1192 2099 1245 et

368 1291 593 1345 tantum
645 1288 718 1344 ad
772 1286 1033 1358 inpetum
1083 1287 1299 1344 valida.
1355 1287 1565 1344 laboris
1620 1293 1793 1359 atque
1860 1302 2097 1358 operum

306 1454 311 1457 ,
368 1405 485 1445 non
524 1389 727 1443 eadem
768 1384 1094 1457 patientia:
1163 1386 1516 1460 minimeque
1559 1384 1714 1441 sitim
1762 1389 2095 1459 aestumque

368 1490 632 1553 tolerare,
657 1484 866 1558 frigora
915 1489 1088 1557 atque
1134 1480 1391 1538 inediam
1437 1488 1607 1540 coelo
1652 1484 1854 1539 solove
1897 1484 2097 1539 adsue-

368 1591 599 1643 verunt.

488 1685 692 1754 Terra,
767 1684 880 1741 etsi
936 1683 1233 1758 aliquanto
1300 1680 1496 1755 speeie
1555 1679 1764 1747 differt,
1840 1678 1903 1735 in
1971 1669 2155 1734 uni-5

367 1800 598 1841 versum
657 1788 852 1839 tamen
916 1788 1015 1839 aut
1093 1781 1260 1837 silvis
1326 1779 1571 1845 horrida,
1626 1788 1725 1835 aut
1795 1778 2093 1850 paludibus

365 1882 566 1940 foeda:
624 1880 926 1944 humidior,
958 1876 1076 1955 ‘qua
1124 1879 1387 1947 Gallias3
1435 1876 1747 1941 ventosior,
1803 1893 1914 1950 qua
1973 1875 2093 1931 No-

365 1982 546 2040 ricum
596 1998 664 2039 ac
720 1979 1088 2036 Pannoniam
1145 1976 1432 2049 adspicit:
1477 1976 1618 2031 satis
1672 1975 1879 2030 ferax:
1923 1971 2093 2046 frugi·

368 2081 609 2139 ferarum
661 2081 921 2137 arborum
964 2077 1310 2151 impatiens:
1352 2056 1622 2148 pecorum
1662 2071 1964 2136 foecunda,
1992 2070 2095 2126 sed

425 2235 606 2282 Rutilae
623 2233 782 2292 comae]
847 2232 952 2278 Sive
969 2233 1111 2277 flavae
1130 2235 1177 2276 et
1212 2230 1363 2276 colore
1382 2226 1492 2272 anri.
1559 2228 1667 2274 ideo
1697 2222 1906 2269 auricomi
1931 2222 2095 2269 Batavi

365 2293 474 2341 Silio
502 2298 544 2345 3,
582 2296 680 2341 603.
746 2295 806 2337 At
837 2305 952 2347 puer
984 2290 1205 2336 auricomo
1237 2289 1332 2334 ium
1348 2286 1596 2342 formidate
1638 2284 1818 2329 Batavo.
1884 2281 2096 2329 Wandali

422 2355 622 2405 υσοιιθςις
657 2350 874 2410 Procopio
913 2350 1034 2395 dicti.
1090 2348 1252 2394 Rufum
1290 2350 1457 2392 Seneca
1491 2346 1603 2392 dixit
1638 2346 1683 2395 3,
1717 2346 1788 2389 26.
1877 2340 1948 2386 De
1990 2341 2093 2388 Ira:

414 2433 469 2464 on
497 2423 558 2464 est
578 2414 795 2469 Aethiopis
813 2411 932 2457 inter
964 2426 1061 2456 suos
1079 2410 1325 2467 insignitus
1363 2413 1494 2464 color,
1529 2422 1608 2453 nec
1639 2405 1774 2461 rusus
1794 2400 1932 2447 crinis
1971 2407 2011 2446 et
2030 2416 2095 2462 eo-

359 2482 483 2524 actus
517 2477 569 2521 in
589 2476 755 2521 nodum
788 2470 910 2526 apud
939 2470 1191 2515 Germanos.
1277 2470 1335 2515 Εἴ
1378 2466 1605 2515 Martialis
1639 2463 1819 2509 Ruffum
1860 2474 1915 2504 ea
1945 2465 2095 2505 mente

352 2537 581 2585 'Batavum
623 2533 774 2592 Epigr.
819 2532 914 2573 176.
1005 2527 1115 2573 Sum
1149 2526 1303 2585 figuli
1351 2529 1491 2580 lusus,
1530 2524 1639 2583 ruffi.
1689 2532 1872 2578 persona
1914 2517 2092 2563 Batavi.

362 2594 521 2643 Graeci
560 2593 819 2653 plerumque
837 2587 995 2653 ξανθογ
1028 2591 1284 2632 verterunt:
1327 2587 1410 2631 etsi
1440 2585 1636 2631 Galenus
1674 2577 2008 2625 Commentario
2035 2576 2094 2622 ad

359 2656 581 2713 Polybum
602 2654 672 2700 De
690 2655 810 2700 victu
831 2671 867 2699 c„
898 2656 941 2697 6.
983 2650 1112 2705 velit,
1132 2649 1379 2695 Germanos
1398 2647 1538 2705 magis
1565 2643 1743 2706 proprie
1779 2658 1957 2707 mggovc
1983 2641 2091 2702 dici,

363 2733 493 2779 quam
522 2718 716 2783 ξανθους.
1901 2755 1904 2758 Α

419 2802 592 2858 Magna
612 2801 824 2871 Corpora]
888 2799 960 2845 Sic
980 2797 1141 2844 Annal.
1164 2798 1199 2850 l,
1220 2800 1276 2843 64
1312 2795 1635 2842 Germanorum
1669 2807 1850 2849 procera
1879 2793 2091 2849 membra,

361 2865 410 2906 et
447 2860 566 2905 Hist.
604 2860 664 2916 V,
710 2862 758 2906 18
797 2871 1009 2904 immensa
1046 2870 1235 2911 corpora.
1300 2854 1493 2899 Videtur
1520 2852 1843 2899 Germanorum
1879 2851 2093 2909 plurimos

362 2926 468 2965 tunc
485 2918 640 2963 saltem
663 2933 736 2964 sex
756 2918 938 2977 pedibus
958 2916 1073 2962 altos
1092 2914 1236 2961 fuisse.
1303 2914 1371 2959 Ba
1399 2911 1671 2972 proceritate
1706 2912 1851 2955 adhuc
1881 2910 2092 2955 valebant

360 2984 511 3023 aetate
545 2978 715 3023 Sidonii
740 2974 1023 3036 Apollinaris.
1091 2974 1222 3026 Inde,'
1247 2972 1364 3017 inter
1398 2972 1588 3015 victores
1625 2969 1872 3016 Germanos
1906 2967 2090 3024 positus,

357 3041 551 3090 excusat,
589 3036 706 3097 quod
740 3035 970 3095 aenipedes
1012 3047 1162 3079 versus
1193 3046 1281 3077 non
1321 3029 1501 3085 scribat,
1545 3027 1650 3076 Lib.
1688 3027 1797 3083 xn,
1844 3041 1978 3071 carm.
2015 3030 2088 3083 12,

360 3108 474 3141 vers.
508 3097 562 3143 10

597 3172 775 3234 Spernit
795 3171 1045 3229 senipedem
1067 3169 1229 3225 stylum
1251 3166 1436 3223 Thalia,

497 3242 505 3245 ’
596 3232 666 3279 Ex
684 3246 772 3292 quo
790 3229 1042 3291 septipedes
1062 3228 1184 3273 vIdet
1203 3231 1428 3287 patronos.

357 3310 444 3357 Pes
477 3309 706 3357 Romanus
739 3314 903 3369 aequat
940 3307 1077 3352 ferme
1112 3305 1235 3366 pedis
1254 3302 1419 3350 Gallici
1458 3301 1607 3348 uncias
1636 3298 1851 3345 undecim.
1917 3298 2089 3344 Contra

358 3383 469 3416 vero
486 3369 698 3416 Germani
737 3367 967 3425 septipedes
1003 3373 1142 3418 erant,
1164 3363 1211 3409 id
1231 3369 1314 3419 est,
1347 3362 1430 3407 alti
1449 3361 1585 3422 pedes
1619 3373 1694 3404 sex
1726 3363 1775 3404 et
1807 3357 1959 3403 uncias
1994 3358 2090 3404 sere

391 3442 466 3474 um
497 3442 566 3473 ue.

358 3441 388 3487 q
418 3443 640 3552 Ni'm‘cum
658 3520 711 3551 ac
733 3503 1036 3563 Pannoniam]
1100 3500 1313 3555 Bovario,
1335 3496 1537 3544 Austria.

417 3584 701 3691 Impatienq¹
739 3583 869 3629 Tunc
901 3581 1017 3649 enim
1052 3580 1239 3633 acriora,
1293 3578 1583 3635 longioraque
1619 3575 1747 3619 erant
1775 3571 1955 3642 frigora,
1977 3569 2084 3641 'cum

359 3647 483 3690 terra
515 3644 638 3692 silvis
701 3647 888 3691 orreret.
952 3641 1026 3689 Sic
1059 3640 1178 3701 apud
1217 3636 1499 3704 Canatlenses
1529 3633 1734 3695 populos,
1773 3647 1819 3678 in
1839 3632 2085 3687 Amerina,
