2532 4164
565 399 660 465 34
994 415 1292 464 ΒΤΕΜΜΑ
1345 415 1729 467 cansarum

560 571 670 624 tius
700 569 829 624 Afer
849 572 909 623 et
946 568 1248 622 Dolabella.
1289 569 1477 624 Senec.
1511 587 1550 623 ι.
1592 569 1937 625 controvers.
1963 575 2015 625 3.
2055 571 2164 625 Ta-

560 659 658 709 eit.
688 657 880 708 Annal.
908 670 984 716 iv,
1010 657 1080 708 52
1102 659 1163 707 et
1189 657 1275 708 66.

626 831 712 880 99.
751 827 981 880 Manuos
1019 827 1293 886 Vinicius,
1331 828 1536 881 Juliam
1559 844 1783 882 uxorem
1818 845 1956 882 anno
1981 829 2053 883 U.
2094 830 2158 886 C.

557 930 892 968 nccnxxxvi.
935 915 1031 967 Bis
1055 917 1257 975 consul,
1285 932 1492 970 veneno
1521 917 1840 969 Messalinae
1867 921 2162 986 interemp-

559 1006 646 1056 tus
670 1008 754 1054 est
780 1017 918 1054 anno
960 1000 1032 1053 U.
1073 1001 1135 1054 C.
1163 1017 1420 1055 nccxcix.
1469 1003 1677 1056 Vinicio
1702 1003 2159 1070 compendiariam

555 1095 618 1143 et
641 1091 1095 1158 elegantissimam
1123 1089 1439 1151 Historiam,
1464 1091 1558 1143 sed
1585 1090 1915 1151 ‚adulatoriis
1948 1091 2159 1145 Tiberii

557 1192 622 1229 ac
648 1179 821 1246 sejani
866 1177 1108 1230 laudibus
1148 1177 1339 1239 salsam
1377 1193 1442 1229 ac
1491 1177 1736 1244 putidam
1778 1176 1982 1229 dicavit
2032 1177 2160 1231 Vel·

558 1266 694 1317 leius
751 1263 1087 1317 Paterculus.
1141 1264 1325 1317 Tacit.
1387 1265 1583 1317 Annal.
1636 1280 1714 1326 vi,
1770 1267 1850 1317 15.
1915 1265 2019 1319 Dio
2064 1280 2156 1318 Lx.

560 1365 683 1418 pag.
719 1351 838 1402 683.

624 1522 809 1582 Livia,
872 1523 1021 1576 dicta
1077 1539 1292 1591 quoque
1344 1522 1602 1582 Ιηνιιω.
1653 1522 1886 1576 Neronis
1945 1523 2156 1578 Claudii

554 1607 713 1660 Drusi
736 1614 796 1661 et
832 1610 1102 1661 Antoniae
1153 1609 1373 1661 minoris
1416 1609 1541 1667 filia.
1570 1625 1702 1662 uxor
1726 1609 1839 1661 Caii
1892 1614 1952 1662 et
1999 1610 2161 1663 Drusi

552 1695 862 1749 Caesarum.
906 1697 987 1750 De
1012 1699 1112 1750 hac
1135 1698 1425 1749 ambitiosa
1449 1696 1649 1749 femina
1665 1697 1873 1750 dictum
1894 1702 1980 1751 est
1999 1713 2163 1765 supra

553 1797 699 1834 num.
728 1787 812 1833 71.

624 1954 792 2008 Carus
826 1954 1065 2015 Casu,
1093 1955 1367 2025 Agrippae
1414 1960 1475 2011 et
1515 1957 1694 2011 Juliae
1729 1957 1885 2019 filius.
1929 1959 2158 2011 maritus

559 2041 765 2098 Liviae.
794 2043 966 2111 Supra
990 2058 1136 2096 num.
1168 2047 1254 2097 48.

624 2214 839 2268 Dausns
872 2214 1112 2275 Cassan,
1153 2216 1365 2270 Tiberii
1408 2216 1758 2284 Imperatoris
1794 2223 1855 2270 et
1898 2218 2159 2293 Agrippi·

553 2316 655 2353 nae
680 2300 833 2357 filius.
874 2300 1060 2353 Liviae
1086 2303 1329 2355 maritus.
1401 2303 1485 2355 De
1525 2306 1626 2356 hoc
1675 2304 1878 2356 infelici
1921 2301 2153 2358 Caesare

556 2388 762 2456 egimus
787 2403 947 2455 supra
970 2402 1115 2440 num.
1143 2391 1227 2440 70.

625 2560 742 2611 100.
780 2557 1051 2611 'fruamus
1087 2558 1366 2614 Cnmnws
1402 2560 1614 2612 Dnusus
1648 2560 2019 2615 Gnauamcus
2062 2579 2154 2615 ut·

551 2659 810 2696 rtaa'roa
846 2659 897 2702 ν,
937 2643 1171 2697 Neronis
1195 2644 1405 2697 Claudii
1446 2646 1601 2698 Drusi
1637 2654 1696 2699 et
1744 2650 2012 2700 Antoniae
2057 2651 2157 2701 mi-

550 2733 692 2783 noris
717 2729 871 2787 filius.
910 2730 1218 2782 Germanici
1261 2731 1447 2791 frater,
1475 2732 1714 2801 Lugduni
1759 2741 1914 2787 natus
1959 2734 2155 2814 Kalen:

551 2815 633 2868 dis
681 2819 920 2885 Augusti.
968 2834 1104 2871 anno
1148 2818 1219 2870 U.
1262 2818 1325 2871 C.
1368 2836 1626 2872 nccxmv.
1681 2817 1826 2874 Puer
1871 2823 2048 2876 animo
2097 2829 2157 2876 et

550 2918 776 2967 corpore
823 2906 1103 2955 hebetato.
1179 2904 1435 2973 Princeps
1494 2922 1632 2960 anno
1683 2906 1750 2957 U.
1793 2906 1855 2959 C.
1898 2924 2154 2968 not-xciv.

547 2992 791 3055 imperiis
833 2996 1114 3061 conjugum
1163 2999 1221 3045 et
1275 2995 1594 3046 libertorum
1645 2995 1826 3061 patuit
1871 2996 2153 3047 obnoxius.
2216 3049 2239 3054 ,

552 3072 776 3129 Veneno
821 3079 1149 3146 Agrippinae
1190 3081 1444 3132 occubuit
1471 3081 1724 3149 inglorius
1761 3083 1987 3135 tertium
2027 3087 2159 3134 ante

548 3162 665 3218 idus
714 3164 968 3215 octobris
1017 3180 1154 3242 anno
1191 3164 1276 3222 U.
1326 3165 1386 3216 C.
1438 3181 1677 3246 ncccvn.
1740 3166 1871 3218 Post
1918 3174 2154 3221 mortem

552 3250 754 3302 relatus
790 3254 876 3302 est
918 3252 1065 3303 inter
1109 3251 1292 3310 Divos.
1341 3257 1402 3304 et
1441 3267 1475 3303 a
1517 3250 1724 3305 Seneca
1764 3253 1955 3312 aerius,
1994 3268 2158 3321 quan
