2532 4164
1155 304 1311 351 car.
1371 287 1397 351 1
1417 287 1481 351 3.
1992 290 2133 355 123

399 455 650 515 surrexit
675 455 1001 524 universus,
1028 460 1088 514 et
1106 456 1252 513 forte
1276 463 1640 530 praesentem
1658 464 2135 534 spectantemque

405 555 720 630 Virgilium
751 561 1059 612 veneratus
1103 539 1209 620 est,
1258 556 1366 622 sic,
1393 556 1555 630 quasi
1611 558 1951 630 Augustum.
2030 554 2133 616 'Ne

337 683 340 684 ⁷
399 655 610 713 nostris
678 655 910 728 quidem
979 652 1351 726 temporibus,
1420 655 1723 712 Secundus
1781 656 2134 729 Pomponius

404 752 553 813 Afro
592 752 856 829 Domitio
887 755 981 809 vel
1035 751 1322 825 dignitate
1371 752 1549 819 vitae,
1599 756 1696 810 vel
1747 757 2132 828 perpetuitate

403 853 611 919 famae,
638 852 900 909 cesserit.
981 852 1138 908 Nam
1169 851 1408 921 Crispus
1437 857 1497 908 et
1528 852 1858 923 Marcellus,
1887 856 1960 911 ad
1998 871 2134 930 quo-

402 970 527 1010 rum
547 953 817 1023 exempla
856 967 949 1007 me
979 967 1175 1014 vocas,
1212 950 1350 1024 quid
1397 951 1613 1008 habent
1640 951 1700 1008 in
1746 953 1855 1009 hac
1882 970 1983 1009 sua
2027 954 2134 1009 for·

402 1057 540 1111 tuna
567 1046 1146 1122 concupiscendum?
1186 1050 1337 1122 quod
1363 1047 1617 1107 timent?
1657 1067 1731 1106 an
1754 1053 1904 1126 quod
1929 1053 2136 1111 timen-

403 1148 538 1208 tur?
577 1150 749 1223 quod,
774 1165 908 1205 cum
937 1146 1194 1222 quotidie
1233 1148 1452 1222 aliquid
1496 1156 1783 1222 rogentur,
1813 1151 1893 1218 hi,
1930 1151 2132 1224 quibus

403 1255 712 1322 praestant,
761 1244 1187 1320 indignantur?
1251 1248 1403 1320 quod
1470 1248 1712 1321 adligati
1780 1249 2133 1317 adulatione,

397 1365 510 1406 nec
543 1345 972 1419 imperantibus
1014 1362 1281 1417 umquam
1310 1345 1451 1401 satis
1485 1347 1644 1402 servi
1688 1346 1980 1412 videntur,
2020 1365 2132 1404 nec

398 1446 567 1504 nobis
594 1446 735 1502 satis
764 1441 973 1501 liberi?
1017 1444 1182 1514 Quae
1225 1444 1374 1499 haec
1400 1461 1623 1501 summa
1645 1462 1842 1501 eorum
1872 1447 2132 1515 potentia

400 1537 535 1603 est?
575 1550 797 1601 tantum
827 1560 995 1615 posse
1021 1542 1214 1599 liberti
1239 1544 1448 1599 solent.
1533 1543 1636 1600 Me
1662 1561 1801 1600 vero
1827 1542 2029 1610 Meas,
2072 1549 2133 1601 ut

397 1643 681 1717 Virgilius
709 1641 811 1708 ait,
859 1641 1084 1707 Musae,
1133 1646 1414 1698 remotum
1458 1658 1495 1698 a
1539 1641 2028 1699 sollicitudinibus
2071 1648 2132 1699 et

397 1743 570 1809 curis,
598 1747 657 1797 et
686 1739 1037 1798 necessitate
1077 1739 1336 1814 quotidie
1364 1739 1581 1814 aliquid
1627 1746 1831 1797 contra
1875 1741 2132 1799 animum

399 1840 671 1907 faciendi,
716 1840 777 1896 iu
827 1839 928 1897 illa
971 1856 1155 1906 sacra,
1209 1840 1456 1912 illosque
1511 1840 1700 1896 fontes
1754 1841 1975 1897 ferant:
2020 1856 2132 1897 nec

396 1939 666 1997 insanum
693 1941 840 2020 ultra
868 1945 927 1995 et
957 1938 1240 1995 lubricum
1260 1938 1442 1994 forum
1466 1938 1787 2011 famamque
1818 1940 2132 2010 pallentem

398 2038 654 2111 trepidus
683 2036 969 2111 experiar.
1013 2053 1131 2094 non
1159 2054 1252 2093 me
1282 2035 1539 2092 fremitus
1583 2036 1973 2101 salutantium,
2019 2051 2128 2093 nec

399 2139 685 2195 anhelans
715 2137 953 2193 libertus
981 2136 1240 2193 excitet:
1285 2151 1415 2200 nec,
1444 2135 1698 2192 incertus
1724 2135 1916 2199 futuri,
1960 2141 2129 2191 testa-

397 2242 658 2294 mentum
711 2251 815 2307 pro
858 2236 1097 2309 pignore
1152 2234 1447 2290 scribam:
1529 2251 1642 2289 nec
1685 2235 1812 2304 plus
1863 2234 2126 2300 habeam,

397 2352 568 2409 quam
616 2335 767 2409 quod
823 2334 1056 2406 possim,
1107 2333 1208 2413 cui
1256 2332 1454 2397 velim,
1507 2332 1848 2406 relinquere,
1875 2334 2130 2405 quando-

396 2451 643 2508 cumque
683 2433 873 2490 t'atalis
921 2438 982 2489 et
1027 2449 1188 2489 meus
1240 2432 1368 2487 dies
1417 2420 1636 2487 v'eniet.
1678 2437 2004 2505 statuarque
2048 2439 2129 2490 tu-

375 2535 555 2613 *mulo
604 2550 720 2590 non
752 2536 1004 2588 moestus
1060 2535 1120 2586 et
1174 2533 1362 2597 atrox,
1400 2531 1504 2587 sed
1534 2529 1730 2586 hilaris
1785 2536 1845 2586 et
1893 2547 2130 2588 corona·

452 2669 544 2716 See.
576 2670 860 2730 Pomponius]
923 2667 1123 2728 Scriptor
1151 2667 1361 2726 tragicus,
1392 2666 1450 2712 de
1479 2680 1568 2727 quo
1600 2668 1656 2714 A.
1678 2667 1858 2724 xl,13.
1922 2667 1995 2715 De
2012 2668 2128 2724 Afro

398 2729 600 2776 Domitio
618 2734 674 2775 A.
692 2733 734 2783 4,
754 2733 826 2775 52.
852 2732 919 2782 14,
946 2731 1011 2774 19.
1035 2734 1080 2772 et
1101 2727 1255 2778 Quint.
1284 2730 1352 2782 12,
1377 2728 1444 2783 lo,
1470 2729 1538 2772 11.

460 2807 525 2854 Ut
550 2807 778 2864 Virgilius
795 2808 878 2867 ait]
943 2805 1178 2863 Georgica,
1204 2806 1258 2851 11.
1283 2809 1382 2852 475.

629 2885 705 2930 Me
725 2900 825 2931 vero
850 2885 1052 2941 primum
1069 2884 1220 2929 dulces
1238 2889 1340 2928 ante
1359 2883 1506 2928 omniu
1526 2883 1700 2939 Musae,

628 2944 837 3049 ἓιωγιᾳπ
852 2959 976 3048 {acra
987 2944 1112 3000 fero,
1131 2942 1308 3000 ingenti
1333 2956 1567 3000 percussus
1585 2957 1745 3001 amore,

678 3018 849 3059 emman
872 3039 879 3048 .

452 3081 642 3142 Illosque
661 3081 843 3142 Fontes]
908 3080 980 3128 Sic
998 3089 1046 3126 et
1063 3080 1296 3139 Virgilius,
1318 3078 1522 3138 Geor-gie.
1546 3080 1603 3126 11.
1627 3083 1726 3128 485.

571 3159 699 3206 Rara
719 3161 831 3206 mihi
851 3165 891 3205 et
907 3160 1038 3217 rigui
1063 3161 1266 3216 placeant
1284 3158 1338 3205 in
1355 3159 1549 3206 vallibus
1567 3174 1718 3204 amnes
1728 3176 1748 3215 ;

569 3218 792 3265 Flumina
809 3234 953 3264 amem
971 3221 1197 3278 sylvasque
1215 3219 1454 3275 inglorius.
1519 3218 1575 3272 Ο,
1597 3218 1678 3264 ubi
1696 3218 1839 3275 campi

572 3276 814 3333 Sperchios.
838 3283 876 3322 et
897 3278 1153 3335 virginibus
1172 3277 1373 3322 bacchata
1395 3277 1607 3322 Lacaenis

577 3336 776 3393 Taygeta
789 3357 801 3381 .·
832 3337 888 3390 0,
911 3337 988 3395 qui
1006 3352 1072 3382 me
1091 3337 1252 3393 gelidis
1271 3336 1324 3382 in
1343 3336 1534 3381 vallibus
1554 3335 1721 3381 Haemi

566 3395 717 3452 δίκαι,
737 3401 779 3441 et
805 3396 981 3453 ingenti
999 3410 1226 3441 ramorum
1252 3400 1450 3452 protegat
1467 3395 1660 3441 umbra!

452 3474 784 3520 Testamentum
819 3489 897 3530 pro
930 3475 1115 3531 pignore
1153 3474 1360 3532 scribam}
1404 3474 1433 3519 i.
1476 3487 1516 3518 e.
1553 3473 1802 3519 securitatis
1839 3486 2022 3518 caussa:
2069 3486 2127 3518 sc.

388 3535 576 3580 heredes
596 3533 889 3579 adscribendo
910 3534 1016 3578 meis
1037 3548 1127 3588 eos,
1190 3547 1344 3577 uorum
1369 3532 1567 3592 potentia
1589 3532 1696 3577 mihi
1728 3533 1897 3592 pignori
1926 3531 2000 3588 sit,
2020 3532 2130 3586 fore,

391 3592 898 3711 ιὲῦῇἑζιιᾌὲἱῖζὲἑιείςυε
927 3601 1101 3653 partem
1130 3606 1179 3639 sa
1199 3597 1293 3637 tem
1323 3591 1537 3639 bonorum
1567 3605 1765 3639 meorum
1784 3592 1945 3637 serant.
2008 3589 2128 3636 Ern.
