2532 4164
973 332 1129 377 cAP.
1187 310 1303 377 37.
1343 309 1459 377 38.
1945 313 2040 383 93

293 504 560 550 aversam
591 485 847 542 hostium
875 485 1066 542 aciem
1097 473 1382 543 invasere.
1470 487 1629 545 Tum
1660 505 1803 544 vero
1840 493 2041 561 paten-

301 592 455 649 tibus
513 589 658 643 locis
726 587 942 659 grande
1000 592 1058 641 et
1116 592 1284 642 atrox
1350 590 1789 659 spectaculum:
1858 588 2039 662 sequi,

300 694 629 752 vulnerare,
673 703 902 756 capere,
945 691 1118 758 atque
1161 687 1416 752 eosdem,
1471 687 1683 743 oblatis
1728 687 1884 751 aliis,
1929 694 2041 743 tru-

297 790 514 848 cidare.
601 789 724 843 lam
768 786 1035 845 hostium,
1081 791 1243 856 prout
1300 785 1509 859 cuique
1554 786 1853 858 ingenium
1896 789 2039 855 erat,

295 896 572 947 catervae
637 890 983 940 armatorum
1053 883 1418 957 paucioribus
1489 890 1685 958 terga·
1728 891 2039 958 praestare,

299 988 533 1062 quidam
576 985 826 1040 inermes
889 987 1039 1039 ultro
1097 1002 1278 1051 ruere,
1340 1002 1410 1040 ac
1472 1003 1535 1040 se
1595 985 1761 1040 morti
1817 986 2035 1041 offerre.

297 1086 523 1144 Passim
565 1101 722 1139 arma
763 1090 823 1139 et
864 1100 1104 1154 corpora
1146 1091 1206 1138 et
1250 1085 1431 1140 laceri
1473 1091 1628 1140 artus
1682 1093 1742 1140 et
1797 1089 2040 1141 cruenta

298 1186 543 1245 humus:
608 1189 666 1238 et
724 1182 1040 1255 aliquando
1104 1183 1284 1238 etiam
1347 1184 1518 1240 victis
1578 1183 1663 1239 ira
1724 1184 2037 1256 virtusque.

301 1289 600 1357 postquam
663 1281 832 1338 silvis
894 1281 1442 1354 adpropinquarunt,
1501 1282 1777 1346 conlecti,
1822 1283 2038 1354 primos

304 1381 685 1455 sequentium,
713 1381 979 1435 incautos
1021 1385 1081 1435 et
1113 1383 1368 1437 locorum
1418 1381 1670 1455 ignaros,
1719 1369 2042 1436 circumve-

303 1481 566 1538 niebant.
647 1478 815 1549 Quod
850 1478 908 1534 ni
937 1478 1216 1558 frequens·
1245 1479 1455 1554 ubique
1507 1481 1779 1553 Agricola
1813 1480 2041 1536 validas

301 1586 360 1636 et
419 1579 726 1649 expeditas
782 1579 1070 1642 cobortes,
1134 1578 1426 1649 indaginis
1490 1564 1678 1646 modo,
1736 1586 1797 1635 et
1853 1579 2042 1635 sicubi

301 1678 550 1736 arctiora
578 1682 761 1741 erant,
793 1685 1012 1748 partem
1059 1678 1338 1751 equitum,
1367 1679 1621 1734 dimissis
1649 1680 1829 1752 equis,
1871 1678 2042 1735 simul

303 1778 543 1835 rariores
581 1778 765 1831 silvas
795 1776 1049 1848 equitem
1081 1779 1398 1845 persultare
1428 1778 1706 1841 iussisset,
1734 1785 2044 1850 acceptum

304 1878 535 1949 aliquod
562 1878 770 1930 vulnus
800 1874 1172 1946 per=nimtam
1200 1875 1472 1931 fiduciam
1501 1876 1663 1931 foret.
1748 1876 2045 1940 Ceterum,

302 1975 400 2033 ubi
427 1975 780 2045 compositos
822 1973 997 2029 firmis
1048 1973 1346 2029 ordinibus
1395 1974 1558 2046 sequi
1606 1992 1792 2030 rursus
1824 1974 2044 2040 videre,

303 2074 365 2132 in
395 2075 590 2147 fugam
634 2074 807 2137 versi,
853 2091 990 2129 non
1019 2073 1366 2144 agminibus,
1411 2080 1473 2128 ut
1528 2073 1699 2145 prius,
1745 2091 1854 2130 nec
1898 2075 2045 2131 alius

305 2175 483 2231 alium
528 2178 941 2244 respectantes,
990 2172 1100 2227 rari
1156 2178 1215 2227 et
1247 2173 1552 2228 vitabundi
1603 2173 1882 2238 invicem,
1928 2176 2046 2230 lon-

307 2273 522 2348 ginqua
584 2279 757 2344 atque
812 2272 948 2327 avia
992 2272 1231 2343 petiere.
1295 2272 1429 2327 finis
1464 2273 1763 2344 sequendi
1828 2290 1943 2329 nox
1985 2277 2047 2330 et

312 2372 555 2439 satietas
579 2371 704 2436 suit,
746 2388 917 2426 caesa
951 2370 1198 2426 hostium
1227 2372 1299 2424 ad
1330 2372 1536 2427 decem
1567 2371 1747 2426 millia
1773 2391 1785 2427 ε
1831 2378 2046 2430 nostro-

306 2490 428 2530 rum
459 2470 706 2530 trecenti
738 2469 1042 2542 sexaginta
1072 2471 1343 2527 cecidere
1370 2490 1381 2524 :
1427 2471 1485 2526 in
1515 2470 1641 2544 quis
1679 2473 1861 2527 Aulus
1898 2470 2047 2527 Atti-

304 2592 426 2639 cus,
473 2575 808 2630 Praefectus
858 2573 1134 2640 cohor-tia,
1182 2574 1431 2630 iuvenili
1481 2576 1682 2630 ardore
1722 2584 1781 2630 et
1832 2574 2049 2631 ferocia

307 2676 439 2746 equi
471 2673 728 2729 hostibus
761 2675 988 2728 inlatus.
1039 2704 1044 2711 ·
1086 2700 1091 2707 ·

389 2774 462 2831 Et
512 2789 626 2828 nox
653 2773 883 2846 quidem
913 2772 1124 2843 gaudio
1157 2773 1480 2845 praedaque
1513 2774 1665 2827 laeta
1697 2759 2046 2829 victoribus:
2070 2777 2152 2836 38

307 2858 579 2929 Britanni
642 2874 928 2943 palanteS,
982 2871 1280 2944 mixtoque
1330 2872 1578 2926 virorum
1636 2873 2050 2946 mulierumque

307 2974 550 3045 ploratu,
583 2972 806 3027 trahere
841 2974 1190 3035 vulneratos,
1235 2987 1446 3027 vocare
1480 2970 1752 3042 integros,
1782 2973 2050 3027 deserere

305 3072 507 3127 domos
550 3088 618 3127 ac
663 3089 763 3143 per
792 3071 934 3126 iram
967 3072 1113 3126 ultro
1146 3069 1460 3125 incendere
1493 3089 1504 3124 ε
1550 3071 1767 3141 eligere
1801 3064 2050 3125 latebras

308 3175 368 3227 et
409 3170 607 3226 statim
652 3169 1008 3243 relinquere:
1055 3169 1297 3225 miscere
1344 3169 1605 3224 invicem
1660 3168 1908 3223 consilia
1951 3167 2052 3224 ali-

308 3286 445 3342 qua,
471 3268 608 3324 dein
641 3287 945 3339 separare:
990 3269 1303 3339 aliquando
1332 3267 1514 3339 frangi
1546 3268 1823 3338 adspectu
1856 3266 2053 3337 pigno·

309 3384 432 3424 rum
482 3386 732 3432 suorum,
771 3368 1002 3439 saepius
1039 3366 1367 3423 concitari.
1425 3364 1678 3438 satisque
1727 3368 2052 3433 constabat,

369 3520 690 3578 Pugnantium
709 3522 825 3580 alae]
898 3524 929 3566 A
953 3521 1099 3565 fronte
1119 3521 1174 3565 ad
1204 3525 1330 3578 terga
1363 3523 1642 3564 transvectae
1661 3518 1857 3580 equitum
1890 3520 2056 3566 Roma·

307 3594 466 3632 norun»
488 3581 590 3625 alae
613 3595 811 3626 aversam
839 3581 1148 3625 Britannorum
1170 3580 1310 3624 aciem
1334 3579 1549 3624 invasere..

369 3658 558 3717 Saepius
577 3658 807 3719 concitari]
871 3659 993 3708 Vere
1012 3659 1295 3706 observatum
1315 3674 1342 3704 a
1358 3657 1522 3706 Tacito
1541 3657 1661 3706 Hist.
1689 3657 1747 3706 ll.
1761 3661 1831 3706 44.
1857 3656 2058 3706 homines
