2532 4164
1040 287 1195 334 CAP.
1251 265 1319 333 8.
1373 264 1442 335 9.
1650 285 1655 292 ·
1718 287 1723 293 ·
1885 350 1910 359 -
1958 267 2095 334 117

360 441 522 513 cipes
549 440 611 497 in
644 440 915 498 Caesaris
964 441 1244 509 amicitia,
1302 447 1480 517 agunt
1525 441 1835 514 feruntque
1862 447 2098 511 cuncta.

358 545 531 613 atque
560 542 634 596 ab
664 538 791 611 ipso
835 541 1109 613 Principe
1157 559 1293 599 eum
1340 543 1585 616 quadam
1615 541 1939 598 reverentia
1969 537 2098 598 dili-

357 644 608 712 guntur:
651 639 785 712 quia
816 639 1235 711 Vespasianum,
1280 641 1635 697 venerabilis
1683 639 1865 697 senex
1896 644 1958 696 et
2000 655 2097 713 pa-

354 737 734 795 tientissimus
806 738 914 806 vir,
961 733 1137 795 'bene
1204 740 1502 814 intelligit,
1569 745 1796 796 ceteros
1861 737 2094 813 quidem

354 837 575 894 amicos
623 855 754 893 suus
784 837 892 894 niti
921 837 1014 904 iis,
1058 855 1205 912 quae
1254 840 1330 894 ab
1377 838 1504 911 ipso
1530 839 1885 910 acceperint,
1924 855 2112 909 quae<

354 954 463 1009 que
495 936 604 1010 ipsi
633 938 1001 993 adcumulare
1030 943 1088 992 et
1140 937 1200 994 in
1230 937 1376 994 alios
1405 955 1718 1011 congerere
1769 944 2092 1010 promptum

352 1040 477 1090 est:
523 1034 867 1091 Marcellum
898 1042 1091 1092 autem
1120 1041 1182 1093 et
1209 1036 1498 1108 Crispum,
1548 1037 1826 1093 adtulisse
1857 1038 1927 1093 ad
1953 1036 2092 1097 ami-

352 1133 555 1190 citiam
585 1137 766 1198 suar‘n,
808 1135 955 1207 quod
1002 1153 1115 1190 non
1166 1152 1199 1190 a
1250 1134 1525 1207 Principe
1573 1135 1931 1208 acceperint‚·
1980 1153 2091 1193 nec

350 1233 546 1305 accipi
600 1233 796 1305 possit.
884 1233 1194 1291 Minimum
1235 1234 1390 1291 inter
1442 1239 1528 1290 tot
1573 1250 1641 1294 ac
1693 1240 1852 1290 tanta
1900 1237 2090 1292 locum

350 1331 614 1389 obtinent
644 1331 929 1405 imagines
982 1349 1053 1389 ae
1104 1333 1257 1389 tituli
1301 1340 1358 1390 et
1408 1337 1650 1400 statuae,
1700 1351 1846 1406 quae
1903 1351 2091 1407 neque

349 1430 477 1503 ipsa
531 1436 729 1487 tamen
779 1431 1167 1504 negliguntur,
1217 1410 1356 1489 tam·
1396 1431 1671 1498 Hercule,
1721 1450 1890 1506 quam
1939 1433 2090 1490 divi·

349 1529 467 1585 tiae
508 1537 567 1585 et
616 1547 775 1602 opes,
826 1547 966 1605 quas
1016 1531 1242 1587 facilius
1291 1530 1584 1598 invenies,
1632 1532 1728 1606 qui
1779 1532 2090 1605 vituperet,

350 1645 518 1702 quam
547 1630 645 1703 qui
695 1629 967 1687 fastidiat.
1054 1632 1164 1688 His
1205 1632 1383 1705 igitur
1429 1637 1490 1688 et
1542 1630 1852 1689 h'onorihus
1894 1639 1955 1689 et
2003 1651 2089 1690 or-

349 1729 638 1785 namentis
689 1737 748 1786 et
797 1729 1168 1787 facultatibus
1219 1731 1458 1787 refertas
1511 1732 1712 1788 domos
1762 1747 1955 1788 eorum
2002 1734 2087 1789 vi·

348 1827 568 1906 demus,
597 1828 696 1902 qui
726 1846 788 1885 se
819 1831 893 1885 ab
938 1828 1181 1887 ineunte
1209 1829 1607 1888 adolescentia
1636 1828 1857 1887 caussis
1902 1831 2085 1889 foren-

343 1925 498 1983 sibus
527 1933 587 1984 et
618 1928 871 1985 oratorio
890 1929 1082 1986 studio
1108 1930 1411 1988 dederunt.
1844 1931 1856 1942 '

425 2026 581 2085 Nam
610 2028 868 2086 carmina
899 2034 958 2086 et
1002 2047 1220 2098 versus,
1262 2029 1465 2104 quibus
1522 2032 1702 2086 totam
1748 2028 1930 2085 vitam
1959 2028 2145 2097 Ilia-9

346 2132 544 2184 ternus
573 2127 867 2185 insumere
921 2137 1080 2202 optat
1110 2126 1274 2205 (inde
1304 2130 1462 2186 enim
1509 2129 1699 2186 omnis
1747 2129 1916 2187 fluxit
1961 2144 2082 2185 ora·

344 2222 454 2299 tio)
484 2245 670 2300 neque
688 2227 1034 2301 dignitatem
1054 2231 1227 2286 ullam
1250 2229 1580 2286 auctoribus
1605 2229 1722 2286 suis
1741 2227 2081 2296 conciliant,

341 2343 530 2398 neque
580 2326 861 2384 utilitates
914 2330 1108 2384 alunt:
1171 2331 1528 2400 voluptatem
1577 2335 1772 2385 autem
1816 2330 2079 2393 brevem,

342 2426 570 2481 laudem
601 2425 836 2483 inanem
864 2433 923 2484 et
948 2426 1360 2485 infructuosam
1383 2434 1826 2501 consequuntur.
1906 2426 2080 2486 Licet

338 2522 486 2580 haec
515 2524 661 2597 ipsa,
691 2532 751 2582 et
776 2544 923 2599 quae
954 2527 1165 2583 deinde
1211 2528 1469 2584 dicturus
1523 2545 1668 2592 sum,
1714 2544 1880 2583 aures
1928 2533 2079 2591 tuae,

342 2621 633 2690 Materne,
663 2632 951 2699 respuant,
979 2626 1076 2683 cui
1107 2628 1259 2683 bono
1286 2633 1393 2693 est,
1423 2628 1473 2684 si
1501 2630 1653 2700 apud
1684 2635 1739 2686 te
1771 2627 2080 2701 Agame'm·

340 2739 456 2778 non
509 2727 605 2779 aut
649 2724 822 2780 Iason
879 2725 1093 2782 diserte
1145 2724 1439 2799 loquitur?
1479 2729 1605 2801 quis
1662 2729 1797 2787 ideo
1845 2733 2077 2789 domum

335 2819 604 2877 defensus
637 2820 740 2878 tibi
769 2823 1058 2897 obligatus
1090 2820 1279 2882 redit?
1324 2826 1468 2896 Quis
1502 2827 1760 2885 Saleium
1806 2839 2080 2904 nostrum,

338 2920 632 2993 egregium
664 2929 912 2994 poetam,
938 2925 1055 2989 vel,
1084 2924 1134 2980 si
1160 2926 1270 2980 hoc
1290 2925 1764 2985 honorificentius
1788 2935 1894 2996 est,
1920 2949 2080 3003 prae-

337 3018 721 3077 clarissimum
770 3029 966 3079 vatem
1022 3023 1281 3090 deducit,
1335 3032 1431 3080 aut
1481 3028 1713 3091 salutat,
1763 3035 1859 3084 aut
1892 3047 2077 3101 prose-

333 3116 571 3191 quitur?
611 3121 862 3193 Nempe,
917 3121 969 3178 si
1022 3123 1243 3179 amicus
1299 3122 1443 3187 eius,
1497 3124 1546 3180 si
1602 3125 1969 3200 propinquus,
2024 3128 2077 3185 si

338 3217 589 3291 denique
618 3219 743 3290 ipse
774 3220 833 3276 in
870 3222 1101 3295 aliquod
1146 3223 1442 3296 negotium
1486 3222 1778 3288 inciderit,
1821 3227 1891 3281 ad
1924 3227 2079 3283 hunc

337 3317 673 3374 Secundum
706 3324 976 3387 recurret,
1004 3339 1120 3378 non
1152 3323 1223 3377 ad
1253 3327 1330 3388 te,
1385 3322 1673 3389 Materne,
1721 3324 1855 3398 quia
1904 3332 2078 3397 poeta

336 3432 417 3483 es,
469 3434 656 3489 neque
709 3426 767 3474 ut
819 3436 921 3490 pro
965 3436 1038 3475 eo
1087 3439 1289 3477 versus
1340 3421 1553 3476 facias:
1599 3422 1658 3477 hi
1686 3423 1864 3480 etiam
1895 3424 2085 3481 Basso

331 3509 491 3574 domi
521 3524 858 3586 nascuntur,
884 3520 1069 3593 pulcri
1117 3521 1352 3595 quidem
1405 3527 1466 3578 et
1513 3521 1794 3580 iucundi:
1839 3540 2078 3599 quorum
