2532 4164
428 248 525 316 98
894 269 1070 317 1vnn
1123 267 1367 315 Aonio.
1418 267 1594 316 vri-A

427 424 593 480 colae
647 422 957 480 consilium
983 426 1202 489 deerat,
1259 440 1371 478 nec
1418 419 1762 478 Domitiano
1806 423 2158 495 exemplum.

428 524 753 581 Accessere
796 522 1029 597 quidam
1046 522 1465 595 cogitationum
1497 519 1786 591 Principis
1818 519 2005 591 periti,
2044 519 2163 593 qui,

426 621 684 678 iturusne
733 628 885 677 esset
915 620 974 675 in
1008 620 1391 691 provinciam,
1421 620 1570 673 ultro
1623 618 1960 688 Agricolam
1989 617 2164 673 inter-

426 725 710 793 rogarent.
754 736 824 776 ac
853 720 1037 791 primo
1063 717 1350 774 occultius
1387 716 1642 789 quietem
1671 724 1730 773 et
1759 716 1939 772 otium
1970 716 2164 772 lauda-

427 836 507 881 re,
551 835 684 873 mox
733 833 966 889 operam
1016 833 1176 872 suam
1247 815 1309 871 in
1361 815 1732 885 adprobanda
1777 814 2161 871 excusatione

426 916 665 973 offerre:
712 921 998 985 postremo
1029 931 1141 969 non
1172 912 1289 969 iam
1343 913 1592 974 obscuri,
1638 913 1948 969 suadentes
1990 911 2163 968 simul

427 1019 839 1087 terrentesque,
869 1018 1200 1084 pertraxere
1229 1012 1303 1066 ad
1334 1010 1752 1068 Domitianum.
1798 1011 1894 1084 qui
1935 1016 2162 1083 paratus

428 1112 805 1173 simulationi,
862 1111 921 1167 in
980 1109 1376 1180 adrogantiam
1428 1110 1799 1182 compositus,
1858 1115 1918 1166 et
1979 1109 2166 1165 audiit

428 1227 631 1283 preces
654 1211 1007 1272 excusantis,
1040 1215 1118 1273 et,
1146 1225 1280 1263 cum
1331 1208 1646 1272 adnuisset,
1688 1208 1781 1280 agi
1811 1207 1923 1264 sibi
1948 1207 2162 1280 gratias

429 1327 628 1382 passus
677 1315 801 1363 est:
846 1325 956 1363 nec
1011 1307 1237 1365 erubuit
1266 1305 1537 1361 beneficii
1595 1305 1838 1361 invidia.
1892 1306 2164 1361 salarium
2248 1341 2255 1344 -

429 1412 644 1473 tamen,
676 1405 1077 1462 Proconsulari
1129 1404 1363 1460 solitum
1405 1402 1612 1466 offerri,
1653 1410 1708 1459 et
1752 1404 2088 1477 quibusdam
2130 1419 2168 1459 a

428 1507 621 1577 seipso
643 1521 1002 1564 concessum,
1032 1503 1347 1576 Agricolae
1378 1519 1492 1556 non
1522 1501 1682 1557 dedit
1712 1522 1724 1556 ε
1768 1502 1896 1557 sive
1918 1502 2168 1558 offensus

429 1622 547 1661 non
577 1603 838 1675 petitum,
878 1602 1007 1657 sive
1047 1620 1125 1657 ex
1167 1600 1552 1665 conscientia,
1581 1619 1673 1667 ne,
1703 1602 1854 1674 quod
1884 1606 2165 1669 vetuerat,

431 1702 727 1757 videretur
778 1699 1005 1756 emisse.
1089 1699 1392 1770 Proprium
1461 1699 1699 1755 humani
1768 1699 1990 1772 ingenii
2060 1704 2169 1766 est,

431 1801 644 1867 odisse,
683 1817 851 1874 quem
897 1798 1166 1854 laeseris:
1213 1797 1539 1853 Domitiani
1573 1816 1711 1853 vero
1762 1804 1961 1854 natura
2005 1816 2165 1870 prae·

432 1881 571 1970 ceps
628 1899 686 1955 in
731 1898 892 1963 iram,
931 1903 1009 1960 et,
1050 1913 1161 1970 quo
1201 1895 1517 1960 obscurior,
1558 1913 1630 1951 eo
1689 1896 2164 1963 inrevocabilior,

435 1998 830 2054 moderatione
874 2005 1066 2052 tamen
1111 1981 1526 2066 prudentiaque
1572 1993 1885 2066 Agricolae
1917 1993 2169 2051 lenieba-

435 2104 567 2154 tur:
610 2097 744 2171 quia
786 2114 900 2152 non
942 2092 1331 2156 contumacia,
1390 2109 1574 2165 neque
1635 2091 1796 2149 inani
1849 2092 2168 2150 iactatione

434 2196 737 2262 libertatis,
781 2195 989 2249 famam
1034 2193 1323 2263 fatumque
1367 2191 1735 2263 provocabat.
1784 2190 2007 2256 Sciant,
2049 2191 2169 2264 qui·

435 2295 541 2349 bus
603 2293 774 2349 moris
817 2291 1042 2347 inlicita
1099 2287 1311 2354 mirari,
1373 2305 1541 2358 posse
1597 2287 1775 2344 etiam
1835 2292 1942 2344 sub
1999 2290 2167 2346 malis

436 2391 804 2462 Principibus
847 2405 1083 2460 magnos
1149 2388 1302 2441 viros
1364 2398 1533 2441 esse:
1603 2386 2054 2461 obsequiumque
2096 2404 2167 2446 ac

435 2489 796 2556 modestiam,
837 2488 885 2544 si
923 2486 1203 2568 industria
1245 2501 1316 2540 ac
1377 2485 1546 2557 vigor
1597 2485 1811 2552 adsint,
1868 2504 1941 2543 eo
1983 2487 2168 2544 laudis

491 2663 737 2725 Salarium]
801 2660 1020 2709 Salarium
1040 2659 1152 2705 illud
1187 2658 1321 2704 fuisse
1340 2657 1487 2703 decies
1513 2658 1784 2715 sestertium,
1815 2659 2023 2706 Gallicae
2044 2673 2167 2705 mon·

434 2730 539 2770 ctae
569 2724 705 2769 libras
741 2725 935 2775 nomm,
973 2720 1151 2763 videtur
1184 2732 1237 2763 ex
1274 2717 1423 2763 Dione
1458 2717 1721 2773 LXXVIll,
1754 2734 1853 2778 pag.
1877 2723 1981 2766 899:
2041 2719 2172 2764 Hanc

436 2785 556 2828 enim
611 2797 838 2833 summam,
888 2798 978 2832 τας
1005 2797 1126 2828 mm
1155 2796 1231 2827 m
1282 2794 1413 2826 unm
1439 2779 1665 2845 μυςιαθας,
1708 2778 1888 2824 Aufidio
1936 2776 2172 2834 Frontoni,

437 2860 536 2890 cum
558 2844 599 2889 ei
623 2844 759 2889 Asiae
785 2844 1048 2904 Africaeque
1078 2842 1413 2903 proconsulatus
1444 2849 1696 2899 negaretur,
1717 2854 1743 2885 a
1776 2839 2004 2894 Macrino,
2027 2838 2171 2897 Impe-

438 2914 603 2955 ratore,
625 2903 821 2948 oblatam
845 2908 1077 2948 memorat.

502 2984 741 3028 Videntur
762 2982 927 3041 emisse]
997 2979 1154 3025 Noluit
1176 2977 1459 3025 Domitianus
1494 2977 1635 3023 videri
1656 2976 1813 3023 emisse
1841 2974 2020 3027 salario,
2054 2975 2172 3036 quod

437 3048 643 3088 vetuerat
664 3061 674 3086 ε
708 3056 809 3087 nan»
832 3057 856 3084 a
879 3040 1082 3099 Principe
1103 3038 1304 3091 vetitum,
1319 3053 1374 3082 ne
1396 3037 1603 3094 Agricola
1624 3034 1895 3097 provinciam
1917 3033 2079 3079 adiret.

496 3122 665 3176 Odisse,
705 3134 830 3177 quem
866 3117 1060 3176 laeseris]
1127 3118 1175 3161 ld
1199 3115 1386 3161 maxime
1406 3116 1527 3169 viget
1564 3116 1607 3161 in
1646 3113 1945 3174 potentiorum
1981 3108 2167 3170 injuriis.

437 3183 572 3227 Unde
608 3182 789 3225 Seuer-1.
814 3181 870 3223 de
903 3181 986 3222 lra.
1026 3178 1080 3220 ll.
1116 3178 1187 3219 33.
1252 3174 1351 3219 Hoc
1390 3176 1547 3219 habent
1574 3174 1810 3230 pessimum
1850 3173 1995 3218 animi
2012 3185 2177 3229 magna

420 3243 624 3299 fortuna
643 3239 888 3285 insolentes,
911 3250 1011 3294 quos
1033 3236 1266 3282 laeserunt.
1287 3240 1327 3278 et
1345 3235 1547 3279 oderunt.

497 3319 683 3364 Famam
699 3316 957 3374 satumque]
1025 3314 1075 3358 ld
1113 3325 1358 3372 peccavere
1380 3312 1523 3367 multi,
1553 3310 1625 3371 qui
1644 3309 1724 3356 sub
1751 3310 1934 3356 Nerone
1951 3313 1998 3354 et
2019 3307 2176 3354 Domi·

438 3378 562 3424 tiano
577 3377 736 3421 famam
761 3383 1033 3432 mortemque
1053 3385 1370 3429 provocavere.

497 3456 674 3507 Quibus
691 3453 824 3497 moris
840 3452 916 3510 est]
980 3449 1151 3500 Quibus
1169 3449 1302 3493 moris
1318 3454 1386 3494 est
1404 3447 1580 3506 illicita,
1599 3445 1925 3495 contumaciam
1945 3458 2107 3506 nempe
2120 3446 2167 3489 et

440 3516 616 3564 inanem
637 3513 858 3560 libertatis
871 3512 1176 3569 jactationem,
1200 3507 1366 3554 mirari.
