2532 4164
981 265 1149 313 sear.
1212 242 1335 313 29.
1389 245 1506 314 30.
1968 250 2105 317 143
2128 239 2133 242 ’

365 421 546 490 dicat,
596 424 698 479 aut
743 418 956 478 faciat:
1018 421 1256 496 quando
1316 418 1496 478 etiam
1535 418 1650 494 ipsi
1687 425 1957 493 parentes
2000 439 2115 481 nec

366 521 665 596 probitati,
727 537 916 595 neque
959 519 1303 589 modestiae,
1360 522 1633 593 parvulos
1694 521 2115 592 adsuefaciunt,

367 621 474 678 sed
513 618 797 678 lasciviae
839 624 898 675 et
891 619 1265 732 dicantar}
1226 658 1281 714 Ι,
1306 637 1406 693 per
1432 636 1578 693 quae
1623 620 1967 693 paullatim
1950 638 2115 693 mpu-

363 720 568 780 dantia
603 719 842 824 inrepit,
890 724 950 775 et
969 690 1100 776 asiis
1099 697 1416 793 ‘alienique
1472 725 1862 792 contemptus.
1988 720 2116 778 lam

367 835 515 876 vero
525 833 783 894 propria
823 824 883 875 et
946 818 1264 891 peculiaria
1328 816 1496 877 huius
1540 819 1693 876 urbis
1735 819 1884 877 vitia
1926 834 2114 892 paene

364 920 446 978 in
472 926 656 978 utero
674 919 874 977 matris
916 919 1151 992 concipi
1212 919 1361 978 mihi
1402 920 1694 985 videntur,
1756 918 2112 976 histrionalis

369 1020 539 1078 sav-or
598 1025 660 1077 et
719 1013 1105 1094 gladiatorum
1173 1037 1559 1094 equorumque
1616 1018 1844 1077 studia:
1908 1018 2113 1092 quibus

355 1125 687 1193 occupatus
724 1125 791 1177 et
822 1120 1094 1177 obsessus
1134 1121 1361 1177 animus
1401 1121 1741 1193 quantulum
1783 1119 1900 1178 loci
1942 1118 2114 1176 bonis

372 1220 589 1278 artibus
646 1214 967 1293 relinquit?
999 1224 1241 1293 quotum
1300 1236 1585 1293 quemque
1640 1212 1956 1286 inveneris,
2016 1216 2115 1292 qui

369 1319 530 1378 domi
567 1319 876 1395 quidquam
937 1318 1096 1375 aliud
1135 1315 1443 1393 loquatur?
1483 1335 1630 1392 quos
1687 1318 1833 1375 alios
1893 1318 2115 1374 adoles·

369 1420 733 1477 centulorum
780 1435 1076 1475 sermones
1117 1417 1462 1490 excipimus,
1503 1416 1554 1473 si
1621 1417 1852 1491 quando
1891 1417 2114 1473 audito·

371 1518 457 1576 ria
496 1514 886 1575 intravimus?
933 1519 1024 1574 Ne
1068 1521 1472 1589 praeceptores
1512 1517 1747 1591 quidem
1789 1517 1936 1573 ullas
1989 1532 2112 1573 cre·

372 1618 589 1676 briores
630 1634 762 1675 cum
818 1617 1172 1675 auditoribus
1226 1616 1344 1673 suis
1387 1616 1607 1674 fabulas
1649 1618 1883 1674 habent.
1951 1615 2114 1673 colli-

372 1723 517 1792 gunt
565 1717 729 1776 ,enim
791 1717 1127 1789 discipulos,
1190 1734 1305 1773 non
1367 1716 1715 1774 severitate.
1744 1715 2112 1788 disciplinae,

374 1834 487 1875 nec
515 1817 741 1892 ingenii
779 1816 1201 1889 experimento,
1240 1815 1343 1871 sed
1380 1814 1698 1872 ambitione
1738 1815 2113 1876 salutantium

374 1922 435 1974 et
495 1916 806 1974 inlecebris
870 1914 1236 1973 adulationis.
1321 1914 1591 1971 Transeo
1647 1913 1832 1987 prima
1886 1914 2113 1972 discen·

374 2015 519 2076 tium
562 2018 870 2081 elementa,
907 2013 972 2071 in
1029 2014 1234 2088 quibus
1276 2018 1336 2069 et
1399 2014 1539 2087 ipsis
1601 2029 1798 2085 parum
1857 2013 2113 2069 elabora·

373 2122 502 2181 tur:
543 2132 655 2172 nec
694 2115 770 2171 in'
804 2113 1131 2171 auctoribus
1186 2113 1637 2188 cognoscendis,
1681 2130 1792 2170 nec
1832 2114 2114 2170 evolven-

374 2217 452 2272 da
490 2213 856 2289 antiquitate,
897 2232 1009 2272 nec
1050 2214 1113 2270 in
1153 2213 1360 2270 notitia
1407 2215 1500 2269 vel
1544 2230 1749 2278 rerum,
1792 2215 1888 2271 vel
1929 2212 2113 2271 homi·

375 2332 532 2380 num,
565 2317 660 2371 vel
691 2321 1031 2386 temporum,
1055 2314 1198 2369 satis
1228 2331 1439 2384 operae
1469 2312 1791 2370 insumitur.

460 2417 577 2474 Sed
633 2420 1001 2488 expetuntur,
1062 2430 1204 2488 quos
1258 2411 1512 2469 rhetoras
1569 2420 1815 2471 vocant:
1873 2417 2111 2487 quorum
2133 2425 2216 2484 30

308 2509 320 2516 ”
375 2513 656 2589 professio
680 2514 912 2588 quando
962 2512 1205 2584 primum
1246 2512 1309 2568 in
1344 2513 1506 2568 ³hanc
1540 2515 1743 2569 urbem
1785 2513 2113 2570 introducta

377 2615 473 2678 sit,
514 2631 795 2687 quamque
824 2614 1044 2669 nullam
1071 2613 1220 2682 apud
1252 2611 1497 2668 maiores
1543 2618 1763 2668 nostros
1810 2613 2115 2669 auctorita·

377 2718 495 2771 tem
543 2713 827 2776 habuerit,
881 2711 1077 2768 statim
1120 2712 1396 2778 dicturus,
1449 2710 1974 2768 referam-*necesse
2025 2716 2117 2769 est

376 2815 630 2871 animum
661 2814 734 2870 ad
764 2829 893 2868 eam
935 2812 1326 2884 disciplinam,
1352 2829 1463 2885 qua
1493 2828 1622 2867 usos
1650 2829 1778 2868 esse
1799 2829 1899 2868 eos
1930 2818 2125 2870 orato--

376 2931 467 2971 res
497 2913 848 2985 accepimus,
877 2928 1115 2986 quorum
1166 2910 1426 2967 infinitus
1472 2911 1649 2975 labor,
1672 2917 1731 2966 et
1777 2911 2118 2984 quotidiana

377 3013 703 3076 meditatio,
734 3019 794 3068 et
845 3012 904 3068 in
934 3010 1095 3068 omni
1122 3027 1335 3083 genere
1371 3008 1700 3066 studiorum
1739 3009 2117 3068 ,exercitatio-

377 3130 483 3171 nes
530 3112 779 3183 ipsorum
835 3110 1013 3167 etiam
1068 3109 1444 3166 continentur
1502 3108 1679 3165 libris.
1783 3109 1970 3165 Notus
2025 3113 2118 3167 est

377 3211 548 3270 vobis
577 3209 773 3283 utique
804 3209 1107 3267 Ciceronis
1153 3210 1318 3275 liber,
1369 3208 1467 3283 qui
1510 3207 1726 3264 Brutus
1752 3206 2114 3280 inscribitur;

377 3310 441 3369 in
497 3309 661 3366 cuius
711 3315 974 3365 extrema
1033 3315 1212 3380 parte,
1273 3305 1438 3374 (nam
1497 3307 1649 3380 prior
1707 3323 2120 3364 commemora-

375 3410 923 3487 tionem-veterum
991 3413 1280 3463 oratorum
1336 3403 1538 3484 habet)
1593 3422 1697 3462 sua
1750 3402 1939 3473 initia,
1983 3423 2118 3463 suos

367 3509 608 3584 gradus,
641 3525 786 3566 suae
839 3505 1210 3582 eloquentiae
1265 3506 1433 3564 velut
1485 3505 1774 3580 quandam
1826 3505 2161 3564 educatio-w
