2532 4164
2016 97 2041 116 ’ἱ

989 302 1144 350 car.
1213 282 1325 349 17.
1387 279 1500 348 18.
1580 279 1609 302 ”
1930 279 2070 347 129

340 460 404 516 in
428 458 680 516 medium
701 474 878 534 usque
910 457 1160 531 Augusti
1178 456 1598 530 Principatum,
1622 453 1864 513 Asinius
1886 470 2073 527 paene

340 558 414 615 ad
442 564 786 626 extremum,
814 559 1064 617 duravit.
1150 558 1283 615 Nec
1330 555 1612 614 dividatis
1658 559 1971 623 saeculum,
2012 560 2073 612 et

345 658 611 730 antiquos
639 673 709 714 ac
738 664 967 714 veteres
995 656 1221 714 vocetis
1246 661 1522 722 oratores,
1561 672 1702 729 quos
1743 654 2076 711 eorumdem

345 756 644 813 hominum
686 773 851 814 aures
900 772 1238 830 agnoscere,
1292 770 1365 813 ac
1407 757 1570 812 velut
1616 753 1972 828 coniungere
2012 757 2072 809 et

345 856 617 926 copulare
647 859 968 927 potuerunt.

427 954 593 1011 Haec
643 954 777 1010 ideo
806 954 1086 1027 praedixi,
1115 960 1191 1024 ut,
1220 955 1269 1011 si
1300 971 1410 1029 qua
1438 973 1512 1013 ex
1542 956 1743 1013 horum
1785 959 2072 1012 oratorum
2099 944 2175 1001 18

347 1053 500 1108 sama
538 1051 834 1127 gloriaque
883 1055 1005 1110 laus
1062 1055 1412 1126 temporibus
1453 1037 1784 1128 adquiritur,
1826 1045 2079 1112 eandem

348 1152 615 1207 docerem
661 1150 721 1207 in
764 1152 959 1208 medio
995 1151 1168 1209 sitam
1209 1157 1269 1209 et
1311 1152 1633 1225 propiorem
1676 1153 1861 1218 nobis,
1902 1168 2073 1225 quam

351 1249 473 1306 Ser.
519 1248 765 1316 Galbae,
824 1250 896 1307 C.
958 1249 1232 1317 Carboni,
1294 1267 1546 1324 quosque
1607 1249 1753 1307 alios
1808 1249 2074 1323 antiquos

345 1346 553 1403 merito
594 1348 1019 1404 vocaverimus.
1105 1349 1256 1420 Sunt
1316 1349 1475 1405 enim
1536 1348 1750 1406 horridi
1814 1353 1874 1404 et
1914 1348 2076 1421 inpo-

347 1444 438 1501 liti
497 1451 555 1502 et
597 1447 763 1503 rudes
804 1452 867 1503 et
926 1447 1218 1515 informes,
1260 1451 1320 1504 et
1361 1465 1502 1522 quos
1555 1448 1777 1505 utinam
1818 1446 2074 1504 imitatus

347 1545 508 1601 nulla
549 1548 709 1617 parte
749 1549 902 1603 esset
964 1546 1187 1603 Caivus
1242 1551 1457 1612 vester,
1518 1551 1619 1603 aut
1679 1545 1936 1613 Coelius,
1976 1550 2078 1603 aut

348 1642 474 1717 ipse
514 1643 743 1700 Cicero.
829 1644 1025 1717 Agere
1066 1645 1224 1701 enim
1263 1645 1464 1702 fortius
1509 1645 1627 1702 iam
1668 1648 1729 1701 et
1769 1644 2075 1701 audentius

349 1742 506 1808 volo,
543 1741 595 1798 si
635 1742 778 1798 inud
820 1747 955 1799 ante
1017 1743 1379 1813 praedixero,
1419 1743 1627 1800 mutari
1684 1760 1817 1800 cum
1861 1749 2075 1816 tempo-

350 1838 504 1895 ribus
564 1839 772 1900 formas
839 1857 1063 1916 quoque
1104 1846 1166 1897 et
1204 1858 1422 1915 genera
1476 1841 1729 1900 dicendi.
1817 1841 1922 1898 Sic
1964 1842 2078 1898 Ca·

350 1937 473 1993 toni
513 1937 643 1994 seni
682 1944 1048 2010 comparatus
1088 1940 1160 1996 C.
1217 1939 1521 1997 Gracchus
1580 1939 1807 2013 plenior
1843 1943 1905 1995 et
1943 1940 2077 1995 ube-

342 2034 487 2105 rior-3
547 2034 634 2094 sic
673 2036 950 2095 Graccho
993 2037 1227 2110 politior
1264 2041 1326 2094 et
1364 2038 1621 2096 ornatior
1662 2038 1945 2108 Crassus;
1987 2037 2076 2095 sic

346 2140 587 2209 utroque
646 2136 977 2193 distinctior
1030 2142 1091 2193 et
1149 2137 1422 2194 urbanior
1481 2143 1540 2193 et
1599 2137 1770 2194 altior
1827 2137 2076 2205 Cicero3

344 2235 635 2295 Cicerone
695 2235 890 2291 mitior
947 2235 1240 2293 Corvinus
1310 2241 1371 2293 et
1410 2233 1636 2293 d'utcior
1675 2241 1737 2293 et
1777 2236 1838 2293 in
1883 2237 2077 2293 verbis

342 2332 527 2406 magis
567 2334 910 2391 elaboratus.
1020 2335 1076 2390 N
1080 2352 1151 2391 ec
1191 2352 1422 2409 quaero,
1463 2335 1588 2409 quis
1630 2334 2073 2392 disertissimus:

406 2485 533 2533 Sicut
553 2486 729 2542 Catoni,
760 2491 847 2532 etc.
871 2487 950 2549 sic]
1013 2488 1085 2536 De
1117 2488 1282 2536 Catone
1313 2505 1354 2535 v,
1389 2488 1544 2538 Quint.
1581 2492 1651 2545 12,
1683 2492 1752 2541 ll,
1781 2493 1852 2535 23.
1918 2489 1991 2536 De
2020 2488 2074 2536 0.

348 2544 545 2591 Graccho
566 2545 682 2591 Plut.
705 2549 752 2591 et
773 2546 869 2593 Cic.
900 2546 945 2592 in
977 2546 1118 2593 Bruto
1144 2551 1215 2593 33.
1281 2548 1354 2594 De
1373 2548 1530 2594 Crasso
1557 2548 1650 2593 Cic.
1682 2549 1740 2594 de
1758 2547 1837 2594 Or.
1862 2549 1946 2604 m,
1970 2552 2009 2595 l.
2031 2555 2101 2597 ea

346 2603 396 2648 in
417 2604 548 2651 Verr.
573 2606 655 2661 111,
682 2608 720 2651 1.
743 2606 852 2650 item
872 2605 916 2651 in
938 2605 1079 2653 Bruto
1095 2607 1166 2653 38.
1587 2600 1609 2641 2'

407 2682 568 2728 Catoni
600 2683 714 2743 seni]
797 2683 941 2734 Quem
979 2684 1155 2742 egregie
1190 2686 1474 2731 commendat
1521 2684 1839 2741 Quintilianus,
1875 2684 2077 2733 Institor.

343 2741 469 2786 Orat.
497 2741 605 2793 ΧΗ,
627 2745 670 2787 2.
734 2741 921 2788 Marcus
953 2743 1194 2793 Censorius
1237 2744 1359 2797 Cato,
1389 2744 1509 2790 idem
1537 2749 1697 2800 orator,
1728 2744 1847 2789 idem
1872 2744 2081 2792 historiae

349 2800 561 2854 conditor,
591 2801 710 2845 idem
728 2800 873 2857 juris,
902 2802 1019 2848 idem
1045 2816 1204 2848 rerum
1229 2804 1507 2849 rusticorum
1534 2803 1842 2858 peritissimus,
1873 2804 1994 2850 inter
2021 2810 2081 2851 tot

346 2872 496 2914 operas
515 2859 719 2914 militiae,
741 2864 886 2904 tantos
913 2861 1033 2906 domi
1061 2862 1363 2915 contentiones,
1394 2862 1505 2907 rudi
1533 2864 1702 2908 saeculo
1721 2862 1871 2909 literas
1888 2862 2091 2910 Graecas·

240 2923 252 2934 ·
344 2921 481 2987 aetate
499 2916 601 2974 jam
619 2918 838 2964 declinata
857 2919 1031 2975 didicit,
1059 2924 1111 2965 ut
1141 2924 1244 2965 esset
1270 2920 1524 2968 hominibus
1552 2921 1822 2978 documento,
1840 2936 1894 2981 ea
1912 2936 2080 2982 quoque

343 2976 516 3032 peream·
540 2990 673 3032 posse,
693 2991 802 3036 quae
822 2991 943 3024 senes
962 2979 1274 3035 concupissent.

407 3053 462 3099 C.
502 3053 747 3124 Gracchus]
810 3056 864 3102 C.
905 3055 1146 3112 Gracchus,
1187 3057 1387 3105 tribunus
1436 3057 1596 3118 plebis,
1632 3073 1731 3104 cum
1771 3058 1949 3104 biennio
1986 3058 2077 3103 elo·

344 3112 527 3172 quentia
546 3119 592 3158 et
612 3114 900 3161 seditionibus
952 3130 980 3160 0
1014 3116 1133 3161 nium
1154 3116 1379 3176 agitesset,
1410 3116 1700 3178 iuteremptus
1717 3125 1800 3175 est,
1821 3118 1874 3164 1..
1897 3116 2079 3177 OpimIo

348 3171 543 3226 consule,
566 3186 683 3219 anno
705 3173 763 3219 U.
790 3172 844 3220 C.
872 3131 952 3221 DC
1049 3174 1179 3222 xm.

404 3249 613 3309 Crassus]
676 3252 730 3297 1..
754 3251 938 3299 Crassus
970 3253 1040 3298 vir
1060 3254 1145 3300 suit
1172 3255 1560 3315 eloquentissimus
1588 3259 1634 3300 et
1663 3253 1941 3307 clarissimus,
1961 3258 2079 3300 teste

341 3308 561 3354 Cicerone
579 3308 624 3354 in
643 3309 850 3366 Verrem,
874 3312 955 3357 111.
980 3317 1017 3358 1.
1082 3313 1217 3359 Plura
1247 3316 1394 3360 adhuc
1412 3316 1470 3359 de
1488 3328 1545 3359 eo
1563 3314 1609 3359 in
1641 3313 1760 3358 libro
1782 3313 1849 3358 De
1864 3313 2089 3360 Oratore?

344 3366 477 3413 mua
495 3367 823 3415 immortalitate
852 3371 1043 3427 dignum
1071 3371 1323 3429 ingenium,
1352 3374 1436 3419 illa
1463 3372 1732 3426 humanitas,
1752 3371 1835 3416 ina
1853 3371 1999 3417 virtus
2016 3370 2075 3417 L.

346 3426 516 3480 Crassi,
555 3432 690 3473 morte
726 3429 917 3474 extincta
956 3430 1098 3475 subita
1143 3436 1214 3477 est.
1280 3432 1436 3478 Multa
1483 3435 1664 3476 manent
1699 3431 1807 3487 ejus,
1829 3429 2079 3476 dicacitatis

345 3488 620 3541 argumenta,
659 3500 843 3546 quorum
881 3489 1160 3548 praecipuum
1196 3497 1266 3536 est
1300 3490 1393 3548 ejus
1429 3489 1597 3535 dictum
1636 3489 1682 3535 in
1712 3489 1795 3535 Cn.
1830 3488 2076 3535 Domitium

345 3543 709 3591 Ahenobarbum.
774 3545 882 3592 Non
910 3560 995 3592 esse
1022 3547 1285 3596 mirandum
1347 3549 1436 3595 uod
1467 3562 1647 3594 aeneam
1680 3548 1862 3595 barbam
1882 3547 2075 3606 haberes,

345 3602 422 3650 cui
438 3616 484 3649 os
495 3602 727 3663 ferreum,
748 3618 822 3653 cor
845 3604 1108 3664 plumbeum
1127 3612 1245 3656 esset.
1310 3566 1382 3656 ὗε
1399 3622 1457 3655 eo
1481 3608 1627 3656 adhuc
1647 3607 1759 3657 infra
1777 3622 1873 3674 cap.
1896 3610 1967 3661 25.
