2532 4164
481 244 624 322 156
823 272 917 322 m:
973 263 1435 346 onnomsvs'
1488 205 1845 325 gunocvs
1892 317 1901 324 .

981 411 1020 428 .-
1928 397 1955 426 2
2178 415 2201 436 2

453 450 687 509 -tatibus
743 468 859 510 non
908 434 1114 508 oritur?
1225 429 1431 524 Quem*
1472 451 1631 509 enim
1676 456 1961 509 oratorem
2028 449 2215 513 Lace-

472 550 865 620 daemonium,
908 569 1077 625 quem
1127 551 1471 609 Cretensem
1521 549 1912 622 accepimus?
1976 543 2217 625 quarum

471 649 783 706 civitatum
862 649 1231 707 severissima
1292 650 1606 723 disciplina
1685 657 1749 707 et
1800 651 2208 708 severissimae

469 749 634 821 leges
682 750 997 806 traduntur.
1118 750 1214 805 Ne
1261 749 1653 806 Macedonum
1693 750 1926 823 quidem
1975 767 2045 806 ac
2076 750 2212 808 Per·

471 864 680 914 sarum,
743 866 813 905 ac
865 848 1035 905 ullius
1087 848 1298 922 gentis,
1352 866 1498 922 quae
1551 857 1714 906 certo
1770 848 2014 920 imperio
2074 866 2211 908 con·

470 952 634 1003 tenta
708 946 898 1014 fuerit,
965 948 1354 1021 eloquentiam
1422 947 1735 1017 novimus3
1804 947 2021 1004 Rhodii
2088 947 2211 1023 qui-

469 1046 625 1113 dam,
706 1046 1106 1104 Athenienses
1188 1046 1436 1119 plurimi,
1501 1052 1754 1103 oratores
1838 1047 2209 1116 exstiterunt,

468 1147 622 1218 apud
675 1164 815 1219 quos
862 1146 1058 1203 omnia
1092 1149 1354 1218 populus,
1404 1146 1603 1202 omnia
1658 1145 1932 1218 imperiti,
1990 1148 2207 1215 omnia,

467 1249 531 1303 ut
585 1246 672 1305 sic
727 1246 994 1312 dixerim,
1050 1263 1252 1301 omnes
1309 1250 1588 1318 poterant.
1714 1246 1927 1301 Nostra
1982 1263 2206 1319 quoquc

466 1344 697 1404 civitas.
752 1347 941 1402 donec
1012 1345 1248 1411 erravit,
1302 1345 1491 1401 donec
1552 1362 1614 1400 se
1671 1345 1926 1416 partibus
1980 1352 2041 1401 et
2093 1344 2206 1401 dis-

464 1444 831 1500 sensionibus
879 1451 939 1502 et
980 1443 1285 1501 discordiis
1339 1445 1619 1509 confecit,
1674 1444 1863 1499 donec
1913 1445 2069 1500 nulla
2092 1442 2207 1500 cuit

465 1540 525 1599 in
556 1543 677 1598 foro
724 1560 856 1613 pax,
886 1546 1045 1600 nulla
1074 1544 1133 1599 in
1167 1545 1390 1599 Senatu
1434 1543 1768 1603 concordia.
1806 1544 1967 1599 nulla
2010 1542 2074 1598 in
2124 1542 2206 1598 iu·

462 1640 634 1697 diciis
665 1643 1000 1709 moderati0‚
1053 1644 1210 1697 nulla
1250 1642 1603 1713 superiorum
1634 1641 1983 1707 reverentia,
2013 1641 2204 1698 nullus

463 1738 909 1813 Magistratuum
961 1744 1179 1806 modus,
1227 1742 1357 1797 tulit
1398 1740 1534 1806 sine
1582 1740 1759 1797 dubio
1815 1740 2202 1798 valentiorem

462 1841 895 1918 eloquentiam3
936 1842 1109 1897 sicuti
1165 1840 1482 1922 indomitus
1526 1857 1663 1913 ager
1704 1840 1882 1896 habet
1923 1840 2202 1914 quasdam

461 1938 670 1995 herbas
710 1939 994 1997 laetiores.
1083 1940 1201 1996 Sed
1241 1956 1353 1994 nec
1392 1939 1541 1994 tanti
1591 1938 1974 2010 Reipublicae
2019 1939 2202 1996 Grac-

460 2038 700 2095 chorum
771 2041 1106 2113 eloquentia
1176 2036 1300 2106 fuit,
1364 2042 1427 2093 ut
1504 2042 1793 2111 pateretur
1864 2044 1924 2094 et
1990 2039 2198 2112 leges:
2268 2100 2276 2104 ⁴

459 2155 572 2194 nec
603 2140 788 2196 bonae
817 2120 1055 2196 formam
1084 2137 1452 2212 eloquentiae
1484 2137 1697 2194 Cicero
1726 2137 1829 2194 tali
1858 2137 2024 2194 exitu
2058 2153 2198 2210 pen·

457 2237 633 2293 savit.
1071 2216 1096 2239 ⁴
1402 2295 1419 2299 -
1592 2220 1613 2241 ⁸

289 2340 298 2343 “
349 2342 429 2401 41
539 2336 642 2392 Sic
666 2355 906 2411 qnoque,
935 2339 1082 2411 quod
1105 2342 1373 2416 superest
1403 2336 1626 2411 antiqui
1653 2336 1991 2402 oratoribus,
2012 2336 2197 2394 forum

455 2451 572 2490 non
597 2416 961 2502 cuffindatae,
993 2454 1102 2493 nec
1126 2454 1306 2512 usque
1330 2439 1402 2493 ad
1424 2443 1621 2493 votum
1645 2436 2024 2509 compositae,
2046 2434 2199 2491 civi·

455 2535 590 2592 tatis
618 2542 1018 2608 argumentum
1048 2542 1154 2610 est.
1261 2538 1406 2609 Quis
1434 2535 1592 2593 enim
1624 2553 1727 2591 nos
1754 2537 2028 2609 adsonat,
2080 2512 2196 2590 nisi

451 2641 551 2690 aut
574 2653 792 2691 nocens
821 2641 919 2692 aut
946 2635 1120 2691 miser
1141 2634 1355 2709 ?-quod
1385 2635 1764 2707 municipium
1793 2634 1853 2690 in
1882 2633 2191 2690 civitatem

450 2739 705 2790 nostram
739 2735 918 2802 venit,
950 2734 1061 2791 nisi
1088 2736 1368 2808 quodfflut
1411 2735 1642 2813 vicinus
1671 2735 1930 2806 populus,
1967 2737 2067 2788 aut
2091 2732 2193 2797 dp·

450 2816 694 2890 m'estica
722 2833 1029 2900 discordia,
1070 2832 1298 2908 agitat?
1335 2851 1508 2913 quam
1551 2833 1920 2905 provinciam
1947 2838 2190 2899 tuemur,

448 2930 565 2988 nisi
619 2933 924 3005 spoliatam
981 2930 1423 3007 vexatamque?
1494 2932 1677 3007 Atqui
1728 2934 1932 2990 melius
1986 2930 2231 3017 fuisset.

449 3047 566 3087 non
597 3032 774 3106 queri,
801 3049 971 3106 quam
1002 3026 1312 3088 vindicari.
1376 3033 1567 3104 ,Quod
1597 3032 1646 3088 si
1674 3016 2038 3088 inveniretur
2085 3028 2190 3086 ali-

447 3148 559 3204 qua
612 3131 844 3197 civitas,
895 3130 955 3187 in
1037 3149 1148 3205 qua
1204 3149 1376 3187 nemo
1432 3138 1721 3204 peccaret,
1794 3143 2188 3203 supervacuus

447 3238 598 3285 esset
641 3230 793 3286 inter
821 3231 1164 3286 innocentes
1211 3236 1420 3295 orator,
1469 3229 1620 3286 siout
1650 3230 1802 3286 inter
1846 3245 2019 3303 sanos
2069 3243 2188 3284 me-

442 3328 628 3385 dicus.
754 3330 884 3400 Quo
952 3332 1123 3386 modo
1167 3336 1387 3391 ,tamen
1451 3330 1753 3388 minimum
1810 3347 1964 3393 usus,
2018 3326 2187 3384 mini·

442 3443 712 3499 mumque
757 3429 1042 3500 profectus
1080 3446 1171 3485 ars
1211 3428 1496 3485 medentis
1526 3410 1716 3486 babet
1760 3428 1822 3486 in
1865 3427 1956 3484 his
1996 3408 2184 3500 genti-

444 3525 566 3583 bus.
595 3545 739 3600 quae
770 3526 1091 3583 firmissima
1125 3528 1463 3583 valetudine
1507 3545 1578 3584 ac
1620 3526 2010 3584 saluberrimis
2059 3542 2184 3582 cor-

446 3626 678 3696 poribus
733 3632 997 3684 utuntur:
1060 3626 1146 3684 sic
1198 3627 1388 3685 minor
1434 3633 1723 3684 oratorum
1775 3625 2184 3701 obscuriorque
