2532 4164
987 415 1528 464 ams‘rnxrmu.
1820 480 1825 495 ἱ
1971 398 2061 466 15

461 586 599 624 anno
622 567 696 621 U.
721 567 784 622 C.
810 583 1095 622 nccnxvu.
1137 567 1255 628 Vir,
1291 571 1335 621 si
1375 568 1669 638 diligenter
1709 572 2068 639 aestimentur

460 662 672 715 cuncta,
702 655 846 708 fama
868 670 1027 725 quam
1054 655 1349 707 virtutibus
1374 655 1735 716 celebratior3
1778 671 2069 723 numquam

456 745 821 810 principatum
863 741 1174 809 adepturus,
1225 742 1327 793 nisi
1377 744 1597 809 pessimi
1641 741 1867 794 fuissent
1908 729 2072 809 Lepi'-

456 827 553 880 dus
578 833 639 880 et
669 829 948 886 AntoniuS‚
977 829 1240 880 maximus
1291 825 1530 880 dictator
1569 825 1786 886 Caesar,
1831 829 2070 894 optimus

458 913 750 981 Vipsanius
808 915 1068 982 Agrippa.
1167 912 1485 964 Laudandus
1547 918 1729 966 tamen
1779 913 1920 981 quod
1971 917 2072 966 im-

458 1002 689 1067 perium,
714 999 893 1051 aliena
944 1000 1153 1050 virtute
1202 1004 1438 1065 partum,
1481 1006 1600 1050 arte
1650 1000 1882 1065 plurima
1921 1001 2079 1050 susti-

458 1087 658 1142 nuerit.
686 1091 748 1138 et
773 1084 1018 1142 Romam,
1043 1099 1205 1152 qnam
1249 1084 1546 1134 lateritiam
1589 1089 1895 1150 acceperat,
1929 1101 2071 1137 mar·

457 1186 699 1224 moream
747 1170 1052 1239 reliquerit.
1142 1168 1204 1220 In
1245 1170 1362 1236 ipsa
1402 1184 1497 1221 sua
1537 1169 1807 1221 felicitate
1857 1173 1936 1223 ita
1979 1187 2070 1221 va-

459 1258 585 1316 riuS‚
630 1262 693 1308 ut
727 1257 872 1308 inter
913 1271 1098 1313 omnes
1147 1258 1308 1307 sortis
1351 1257 1616 1308 humanae
1665 1273 1816 1308 casus
1855 1273 2072 1323 semper

459 1344 801 1401 colluctatuS‚
830 1357 987 1393 nemo
1027 1341 1195 1410 magis
1231 1358 1303 1394 ex
1349 1344 1595 1394 omnibus
1637 1344 1954 1395 mortalibus
1980 1345 2072 1395 ho-

467 1432 673 1481 minem
699 1445 818 1482 esse
860 1445 935 1487 se,
985 1427 1112 1480 dum
1158 1431 1302 1481 inter
1348 1431 1590 1481 homines
1635 1436 1772 1489 erat,
1823 1432 2071 1483 senserit.

474 1515 699 1568 Sueten.
727 1516 781 1567 in
810 1517 953 1583 Aug.
978 1519 1097 1566 vet
1138 1514 1199 1565 C.
1244 1514 1425 1567 Tacit.
1457 1517 1651 1567 Annal.
1695 1532 1731 1574 ι,
1771 1521 1817 1566 l.
1860 1532 1986 1575 xm,
2023 1519 2072 1568 6.

464 1586 651 1654 Florus
717 1617 793 1662 ιν,
845 1603 925 1652 12.
1002 1601 1189 1652 Aurei.
1241 1599 1528 1665 Victorgde
1566 1600 1908 1660 Caesaribus,
1951 1618 2071 1670 cap.

466 1705 504 1740 1.
532 1689 674 1740 Pliu.
702 1704 804 1747 vn,
841 1689 926 1739 45.
961 1687 1150 1739 Senec.
1180 1682 1382 1739 conso'l.
1411 1687 1477 1739 ad
1514 1686 1706 1755 Polyb.
1747 1703 1939 1740 xxxiv.

529 1775 589 1826 ln
617 1777 845 1827 nummis
891 1780 1019 1827 ante
1069 1775 1435 1841 principatum
1488 1777 1801 1842 appellatur
1840 1774 1903 1827 C.
1929 1773 2070 1827 Cn:-

419 1885 434 1900 ·
464 1877 565 1914 ssu
591 1878 712 1914 nm
759 1878 808 1914 r.
849 1877 971 1914 lMP.
1014 1877 1202 1913 mvm.
1245 1862 1369 1913 nec.
1398 1877 1509 1913 cos.
1549 1876 1886 1913 mnsnnms
1924 1878 1975 1914 ι».
2015 1877 2069 1915 ιι.

461 1964 692 2002 vmnsx.
735 1949 787 2000 id
823 1955 926 2009 est,
953 1948 1115 2001 Caius
1146 1947 1358 2009 Caesar,
1401 1949 1510 2001 divi
1535 1948 1716 2014 filius,
1759 1949 2067 2015 imperator,

461 2038 715 2089 triumvir
752 2037 1066 2102 reipublicae
1114 2036 1513 2097 constituendae,
1563 2037 1758 2098 consul,
1807 2024 2069 2090 libertatis

464 2124 653 2187 popu-li
678 2122 916 2173 Romam·
939 2122 1143 2172 vindeoe.

534 2207 593 2259 In
643 2208 947 2275 principatu
994 2206 1213 2260 Cassan
1271 2208 1410 2261 Ave.
1475 2209 1785 2260 Avavs‘rvffi
1839 2224 1961 2260 mvt
2013 2224 2064 2262 r.

466 2309 587 2345 mr.
628 2308 739 2344 cos.
796 2308 961 2344 pour.
1015 2308 1156 2345 nux.
1213 2309 1309 2346 mn.
1366 2309 1491 2345 Ροτ.
1547 2309 1734 2346 PATER
1792 2309 2061 2346 mmmm.

462 2378 518 2449 id
566 2384 668 2438 est,
719 2375 914 2432 Caesar
952 2376 1244 2443 Augustus.
1291 2376 1582 2445 Augustus,
1625 2380 1734 2431 divi
1756 2379 1938 2445 filius,
1965 2380 2065 2431 im-

454 2473 686 2533 perator,
712 2466 907 2524 comul,
952 2464 1195 2534 pontifex
1242 2466 1526 2526 maximus,
1568 2467 1859 2519 tribunicia
1892 2473 2068 2533 potes·

460 2558 579 2609 tate,
601 2559 757 2619 pater
776 2551 1006 2619 patriae.

531 2641 662 2694 Post
687 2629 921 2694 mortem
946 2640 1120 2692 vavs
1157 2638 1467 2691 Avavsrvs.
1506 2637 1626 2691 Deo
1663 2639 1945 2692 Avavs'ro.

531 2819 615 2866 4⁴.
644 2813 879 2873 Cannu,
905 2813 1087 2866 Publii
1112 2813 1292 2866 Clodii
1337 2817 1394 2866 et
1429 2813 1652 2867 Fulviae
1677 2814 1803 2875 filia,
1832 2814 1910 2867 Μ.
1956 2814 2069 2867 An·

462 2904 596 2954 tonii
623 2900 892 2953 triumviri
921 2902 1180 2967 privigna,
1221 2916 1382 2967 qnam
1407 2900 1694 2953 firmandae
1714 2905 1861 2968 pacis
1886 2917 2065 2963 causa,

462 2989 733 3055 Augustus
778 2987 936 3039 duxit
960 3002 1201 3046 uxorem,
1232 2989 1324 3039 vix
1359 2986 1484 3038 dum
1534 2988 1791 3038 nubilem.
1865 2988 1959 3045 At,
2003 2987 2072 3038 si-

462 3075 698 3125 multate
734 3088 856 3124 cum
897 3071 1090 3123 Fulvia
1135 3087 1287 3123 socru
1336 3076 1544 3131 exorta,
1570 3071 1778 3123 dimisit
1812 3073 2071 3126 intacta!-

465 3155 640 3208 adbuc
670 3163 729 3209 et
756 3158 1036 3224 virginem.
1081 3156 1302 3208 Sueten.
1329 3156 1386 3207 in
1412 3157 1548 3223 Aug.
1587 3170 1728 3206 nxn.

533 3328 614 3377 45.
656 3305 980 3385 Scntnonu.
1017 3326 1165 3379 Lucii
1196 3326 1462 3377 Scribonii
1490 3326 1710 3377 Libonis
1738 3341 1904 3383 soror,
1930 3340 2063 3379 uxor

472 3414 736 3483 Augusti:
774 3417 937 3465 antea
959 3412 1165 3467 duobus
1205 3411 1570 3467 consularibus
1617 3418 1804 3480 nupta,
1845 3412 2070 3482 quorum
