2532 4164
473 257 623 326 110
821 235 915 324 nr:
971 277 1431 327 oRA‘roamvs
1489 277 1846 327 mALons

471 432 588 491 Cui
643 431 1072 505 percontationi
1138 438 1271 489 tuae
1328 434 1694 508 respondere,
1763 438 1826 490 et
1881 438 1998 491 tam
2056 449 2216 510 mag-

471 549 582 589 nae
636 532 991 606 quaestionis
1042 533 1264 606 pondus
1322 533 1623 606 excipere,
1669 538 1732 590 ut
1780 540 1879 592 aut
1926 536 2002 592 de
2056 535 2218 609 inge·

470 623 586 690 niis
642 632 851 688 nostris
896 633 1046 687 male
1103 630 1557 689 existimandum
1602 633 1695 698 sit,
1745 635 1798 691 si
1844 634 2002 691 idem
2050 635 2215 692 adse-

472 729 569 804 qui
640 748 757 787 non
814 747 1133 803 possumus,
1203 737 1304 787 aut
1369 732 1442 788 de
1498 731 1754 796 iudiciis,
1814 732 1866 789 si
1930 736 2215 802 nolumus,

474 830 600 896 vix,
629 830 883 897 hercule,
929 830 1219 895 auderem,
1260 830 1311 890 si
1354 830 1497 888 mihi
1526 846 1657 888 mea
1683 831 1981 889 sententia
2038 832 2219 905 profe-

474 930 675 997 renda,
724 945 794 986 ac
852 946 968 985 non
1016 929 1540 992 disertissimorum,
1588 935 1650 986 ut
1688 931 1898 987 nostris
1948 928 2217 1004 tempori-

477 1029 614 1097 bus,
661 1029 959 1085 hominum
1014 1046 1202 1085 sermo
1257 1029 1606 1101 repetendus
1660 1036 1834 1095 esset,
1890 1045 2034 1103 quus
2081 1046 2218 1087 ean·

476 1130 611 1186 dem
639 1128 792 1186 hauc
820 1128 1220 1223 quaestionem
1264 1131 1614 1199 pertractant
1745 1144 1979 1187 iuventa
2021 1129 2216 1188 admo·

477 1229 614 1288 dum
654 1226 873 1285 audivi.
955 1227 1047 1283 lta
1099 1244 1214 1283 nou
1260 1226 1517 1299 ingenio,
1561 1127 1994 1286 seffiemoria
2034 1244 2105 1286 ac
2132 1244 2217 1288 re·

478 1328 835 1392 cordatione,
883 1344 1026 1399 opus
1082 1331 1189 1391 est,
1250 1331 1332 1389 ut,
1399 1343 1547 1399 quae
1600 1342 1669 1396 a.
1703 1325 2217 1398 praestantissimis

480 1425 623 1485 viris
660 1430 722 1482 et
766 1425 1101 1497 excogitata
1148 1424 1452 1492 subtiliter,
1495 1430 1569 1481 et
1601 1422 1762 1486 dicta
1807 1424 2087 1498 graviter,
2124 1440 2220 1482 ac-

480 1525 633 1594 cepi,
687 1541 820 1581 cum
867 1523 1081 1598 singuli
1134 1523 1415 1587 diversas,
1476 1525 1571 1580 vel
1626 1524 1881 1592 easdem,
1936 1524 2040 1582 sed
2095 1539 2219 1597 pro-

480 1623 704 1680 babiles
733 1640 966 1680 caussas
1014 1622 1321 1688 adferrent,
1376 1623 1512 1679 dum
1551 1622 1792 1679 formam
1840 1623 1933 1680 sui
1978 1623 2219 1698 quisque

474 1727 545 1780 ,et
570 1722 750 1784 animi
779 1728 839 1779 et
886 1721 1115 1795 ingenii
1158 1723 1442 1787 redderet,
1489 1722 1696 1780 iisdem
1739 1739 1894 1779 nunc
1944 1723 2220 1791 numeris,

481 1821 691 1880 iisdem
720 1820 1035 1879 rationibus
1066 1839 1391 1895 persequar,
1438 1813 1673 1879 servato
1714 1822 1917 1882 ordine
1966 1821 2222 1895 disputa-

485 1921 681 1980 tionis.
741 1938 928 1996 neque
982 1920 1141 1978 enim
1207 1920 1408 1986 defuit,
1475 1920 1572 1995 qui
1631 1920 1926 1978 diversam
1995 1938 2221 1995 quoque

483 2027 706 2097 partem
748 2019 1088 2092 susciperet,
1115 2035 1205 2086 ac,
1256 2020 1496 2076 multum
1551 2026 1763 2085 vexata
1805 2027 1862 2075 et
1914 2020 2090 2077 inrisa
2123 2038 2222 2078 ve-

486 2128 720 2189 tustate,
760 2125 1080 2178 nostrorum
1122 2125 1445 2191 temporum
1503 2119 1897 2193 eloquentiam
1965 2122 2225 2196 antiquo-

486 2238 608 2278 rum
638 2219 890 2292 ingeniis
912 2218 1240 2278 anteferret.

424 2316 466 2373 2
547 2320 700 2375 Nam
724 2328 951 2391 postero
966 2316 1084 2383 die,
1100 2333 1270 2390 quam
1295 2316 1587 2379 Curiatius
1613 2317 1914 2375 Maternus
1935 2318 2225 2378 Catonem

486 2420 851 2487 recitaverat,
880 2435 1014 2483 cum
1052 2415 1364 2473 offendisse
1393 2417 1715 2491 potentium
1742 2418 1966 2475 animos
2002 2418 2228 2476 dicere-

487 2524 597 2585 tur,
620 2525 909 2592 tamquam
950 2517 1012 2572 in
1037 2533 1108 2572 eo
1141 2516 1469 2587 tragoediae
1494 2524 1852 2590 argument0,
1873 2517 1963 2575 sui
1991 2518 2225 2586 oblitus,

488 2623 711 2676 tantum
737 2618 1021 2674 Catonem
1042 2615 1371 2688 cogitasset,
1394 2634 1576 2690 eaque
1599 2617 1672 2672 de
1697 2634 1754 2673 re
1777 2634 1877 2688 per
1905 2619 2099 2674 urbem
2118 2616 2226 2673 sre—

488 2735 670 2793 quens
698 2734 887 2771 sermo
918 2716 1241 2777 haberetur,
1272 2720 1562 2791 venerint
1591 2717 1663 2771 ad
1703 2733 1834 2773 eum
1866 2716 1951 2773 M.
1983 2717 2142 2789 Aper
2167 2718 2229 2772 et

489 2817 671 2879 Iulius
703 2816 1020 2882 Secundus,
1048 2815 1428 2872 celeberrima
1459 2827 1576 2872 tum
1605 2814 1842 2889 ingenia
1872 2813 1978 2871 fori
2007 2813 2223 2872 nostri:

389 2938 396 2947 ·
487 2933 628 2991 quos
683 2932 794 2989 ego
846 2915 910 2970 in
964 2912 1196 2969 iudiciis
1254 2931 1370 2971 non
1429 2924 1693 2989 utrosque
1750 2914 1921 2970 modo
1969 2914 2225 2972 studiose

488 3017 812 3083 audiebam,
860 3017 961 3071 sed
1011 3015 1168 3071 domi
1218 3032 1443 3089 quoque
1472 3021 1530 3070 et
1575 3014 1633 3072 in
1684 3015 1921 3088 publico
1968 3016 2226 3072 adsecta-

488 3118 610 3184 bar,
667 3118 816 3172 mira
859 3115 1174 3171 studiorum
1227 3113 1550 3186 cupiditate
1605 3122 1665 3179 et
1719 3115 1967 3188 quodam
2023 3115 2227 3170 ardore

488 3215 755 3278 iuvenili,
811 3222 870 3270 ut
900 3214 1119 3270 fabulas
1167 3231 1391 3288 quoque
1431 3230 1649 3290 eorum,
1697 3220 1755 3270 et
1785 3212 2231 3288 disputationes,

488 3323 550 3374 et
616 3314 830 3371 arcaua'
895 3322 1180 3369 semotae·
1221 3311 1498 3368 dictionis
1576 3311 1807 3385 penitus
1875 3312 2229 3386 exciperem.

546 3488 612 3536 Cn
617 3488 780 3548 lenem]
844 3486 1163 3543 Tragoediam,
1185 3487 1312 3544 cujus
1331 3485 1450 3532 Cato
1468 3492 1568 3532 emt
1586 3492 1913 3545 argumentum.

545 3568 611 3614 Μ
639 3573 731 3623 App
711 3571 816 3612 eret
835 3565 927 3611 lut.
952 3566 1066 3626 Sec]
1137 3567 1173 3611 1,
1181 3581 1223 3610 te
1242 3567 1377 3612 forte
1431 3572 1529 3612 ater
1552 3567 1621 3614 Μ
1651 3566 1778 3613 Flav.
1820 3570 1890 3628 Ap
1893 3564 2085 3614 rioms
2109 3579 2151 3611 a.
2191 3579 2236 3612 n.

484 3630 585 3675 383.
647 3627 794 3685 Hujus
812 3626 1002 3673 Secundi
1032 3628 1189 3675 laudes
1219 3628 1347 3673 canit.
1386 3580 1543 3678 gsiut.
1569 3631 1639 3686 10,
1666 3630 1705 3686 1,
1728 3628 1829 3677 120.
1849 3632 1900 3677 et
1919 3627 1991 3686 12,
2014 3628 2084 3684 to.
2105 3628 2173 3675 n.
