2532 4164
535 300 566 365 l
582 292 676 362 38
1276 308 1497 357 mum

605 473 690 522 63.
711 470 795 521 69.
834 482 1020 520 eorum
1039 465 1210 517 virtus
1236 469 1295 517 et
1322 462 1628 516 constantia
1943 466 1977 513 4
2011 460 2089 513 Η.
2122 463 2174 514 2

539 556 796 610 Vitellius
817 556 1131 607 Saturninus
1902 552 1926 599 1
1970 547 2044 600 Η.
2090 553 2176 602 82

541 644 608 696 Δ.
655 643 905 694 Vitellius
946 640 1141 692 Consul
1190 641 1271 697 11,
1311 640 1397 690 23.
1438 636 1692 704 pavidum
1730 638 1847 688 eius
1874 637 2163 706 ingenium

612 734 693 785 14.
721 731 806 779 49.
880 727 1114 794 Legatus
1158 728 1213 777 in
1247 724 1595 777 Germaniam
1640 725 1884 776 mittitur
1929 728 1951 775 1
1996 723 2070 776 Η.
2104 727 2160 776 9.

606 820 693 869 52.
749 817 863 869 eius
914 815 1152 867 defectio
1205 830 1270 866 ae
1306 818 1483 865 motus
1537 818 1557 864 1
1604 810 1677 863 H.
1734 814 1818 864 51.
1874 813 2015 881 apud
2069 832 2160 867 se·

611 921 766 958 veros
815 904 1031 956 humilis
1088 908 1110 955 1
1169 901 1239 954 H.
1291 904 1377 953 52.
1436 901 1741 968 Imperator
1777 903 2158 957 consalutatur

614 999 639 1045 1
702 992 775 1045 H.
819 995 903 1044 57.
942 993 1057 1045 eius
1099 997 1286 1058 torpor
1318 1007 1381 1042 ac
1439 990 1592 1041 luxus
1654 993 1674 1038 1
1723 988 1794 1040 Η.
1841 989 1924 1041 62.
1975 993 2011 1041 2
2076 987 2149 1042 Η.

606 1083 691 1132 31.
722 1081 808 1130 62.
833 1082 868 1130 3
893 1077 960 1129 H.
989 1081 1075 1129 36.
1123 1080 1204 1131 63.
1233 1077 1430 1145 ingenii
1458 1076 1734 1127 mobilitas
1768 1078 1804 1127 2
1823 1076 1894 1128 Η.
1917 1080 2004 1130 57.
2025 1096 2151 1134 cum

614 1166 831 1219 Othone
873 1166 1209 1230 comparatio
1249 1166 1286 1215 2
1329 1162 1399 1214 H.
1435 1166 1521 1214 31.
1562 1162 1627 1213 ad
1670 1163 1874 1215 bellum
1914 1166 2154 1232 proficis·

612 1255 757 1306 citur
780 1257 814 1304 2
842 1250 911 1303 Η.
939 1255 1023 1303 57.
1061 1253 1203 1303 curis
1235 1252 1488 1319 gravibus
1522 1250 1699 1317 impar
1721 1253 1756 1301 2
1796 1251 1865 1302 Η.
1893 1255 1980 1304 59.
2016 1254 2151 1324 Lug-

614 1341 813 1393 dunum
851 1341 1000 1392 venit
1029 1338 1160 1392 ibid.
1198 1339 1366 1391 filium
1391 1338 1700 1391 Germanici
1727 1342 1941 1393 nomine
1962 1345 2152 1410 appel-

619 1429 696 1479 lat
723 1427 851 1479 ibid.
892 1443 1074 1478 caesos
1093 1427 1241 1477 cives
1271 1427 1442 1476 laetus
1471 1423 1619 1476 videt
1645 1428 1680 1476 2
1700 1424 1772 1477 Η.
1795 1430 1878 1478 70.
1919 1427 2150 1483 Romam

616 1514 973 1583 ingreditur2
1015 1511 1087 1563 Η.
1127 1515 1210 1563 88.
1254 1512 1482 1579 Augusti
1524 1528 1718 1564 nomen
1744 1512 1981 1567 adsumit
2019 1516 2148 1570 2Η.

616 1602 701 1652 90.
744 1599 1101 1665 inexplebiles
1132 1599 1247 1649 eius
1285 1597 1534 1649 libidines
1559 1602 1596 1650 2
1624 1597 1696 1650 H.
1726 1602 1809 1651 95.
1861 1600 2152 1660 Caesarem

616 1701 675 1737 se
693 1684 800 1735 dici
829 1686 944 1735 vult
972 1687 1006 1734 3
1033 1682 1104 1733 Η.
1148 1686 1234 1733 58.
1275 1683 1611 1736 conditiones
1646 1686 1746 1750 ipsi
1773 1688 1991 1739 oblatae
2017 1694 2050 1741 3
2079 1690 2150 1743 Η.

617 1773 700 1824 63.
738 1786 861 1822 cum
889 1770 1083 1822 Sabino
1129 1772 1424 1837 paciscitur
1470 1774 1504 1821 3
1533 1769 1602 1821 H.
1641 1772 1723 1821 65.
1754 1773 1945 1825 surdae
1991 1777 2154 1842 ipsius

610 1875 766 1913 aures
799 1858 863 1910 ad
891 1858 1055 1911 fortia
1084 1860 1310 1910 consilia
1345 1862 1380 1909 3
1409 1856 1482 1909 H.
1509 1861 1591 1909 67.
1634 1862 1838 1925 palatio
1864 1864 1998 1921 exit,
2027 1864 2156 1918 dein

614 1946 923 2016 regreditur
946 1950 980 1997 3
1010 1945 1079 1997 Η.
1108 1948 1191 1997 68.
1219 1942 1434 2012 culpam
1464 1948 1514 1997 in
1552 1948 1756 1999 milites
1782 1950 1989 2003 confert
2017 1958 2050 2006 3
2079 1952 2154 2006 Η.

604 2038 686 2089 70.
707 2034 976 2088 occiditur
998 2035 1032 2085 3
1057 2032 1131 2085 Η.
1167 2035 1249 2084 85.
1280 2037 1493 2100 tempus
1534 2032 1751 2100 Imperii
1782 2036 1944 2102 ipsius
1971 2038 2037 2089 Ο.
2076 2045 2150 2094 17.

616 2121 876 2190 imagines
915 2120 1029 2172 eius
1054 2119 1384 2172 deiiriuntur
1409 2123 1443 2172 3
1469 2119 1540 2171 H.
1574 2125 1651 2173 12.
1684 2123 1799 2174 eius
1824 2123 1961 2175 filius
2002 2129 2039 2177 2
2079 2127 2155 2179 H.

614 2211 698 2259 50.
741 2213 775 2261 3
812 2208 885 2260 Η.
925 2210 1009 2259 66.
1051 2209 1323 2260 occiditur
1374 2254 1377 2255 f
1775 2192 1791 2208 ‘
1919 2219 1950 2264 4
1986 2213 2050 2264 Η.
2086 2218 2158 2267 80

544 2292 608 2346 L.
630 2293 887 2346 Vitellius
907 2293 1255 2359 Imperatoris
1285 2298 1494 2360 pater3
1524 2293 1592 2345 H.
1620 2298 1706 2347 86.
1764 2296 1959 2350 Consul
1988 2303 2035 2358 6.
2065 2304 2154 2354 28.

613 2386 701 2434 ter
724 2381 918 2433 Consul
965 2384 1045 2438 14,
1088 2383 1173 2431 56.
1223 2387 1238 2431 1
1278 2381 1346 2432 Η.
1375 2385 1425 2432 9.
1455 2385 1540 2433 52.
1582 2387 1614 2434 3
1644 2382 1712 2433 ΗΔ
1747 2387 1830 2436 66.
1908 2386 2157 2442 Messali-

613 2484 716 2522 nae
766 2468 1096 2521 obsecundat
1136 2474 1214 2525 11,
1242 2473 1292 2528 3,
1332 2473 1418 2521 33.
1492 2470 1694 2525 Censor
1723 2475 1802 2529 12,
1843 2480 1893 2525 4.
1948 2481 1965 2525 1
2002 2475 2075 2527 H.
2104 2480 2158 2531 9.

615 2558 1024 2608 matrimonium
1071 2555 1281 2608 Claudii
1327 2548 1387 2608 et
1436 2559 1711 2626 Agrippae
1757 2567 2040 2627 perpetrat
2074 2567 2157 2625 12,

612 2644 665 2709 5.
703 2647 989 2694 accusatur
1028 2643 1105 2700 12,
1154 2646 1237 2692 42.
1281 2644 1501 2694 sinistra
1526 2645 1594 2696 de
1625 2661 1692 2698 eo
1736 2650 1789 2698 in
1833 2650 1970 2700 urbe
2013 2650 2159 2702 fama

2011 2740 2056 2789 6.
2087 2740 2159 2789 32

544 2814 607 2867 L.
636 2812 892 2865 Vitellius
942 2813 1289 2880 Imperatoris
1334 2817 1503 2870 frater
1532 2823 1551 2870 1
1587 2818 1660 2870 Η.
1687 2822 1771 2871 88.
1811 2820 2157 2874 adulantibus

610 2916 670 2952 se
705 2898 863 2952 offert
888 2903 923 2952 2
947 2898 1017 2951 Η.
1054 2903 1137 2952 54.
1167 2910 1321 2955 atrox
1353 2906 1625 2956 sententia
1650 2908 1763 2969 eius
1787 2905 1839 2955 in
1865 2900 2157 2960 Caecinam

613 2990 649 3040 3
675 2986 746 3042 H.
776 2991 862 3041 37.
940 2987 1191 3040 Blaesum
1218 2988 1435 3041 accusat
1479 2996 1511 3042 3
1538 2991 1609 3041 Η.
1639 2995 1722 3043 38.
1755 2993 1987 3043 tuendae
2021 2994 2160 3046 Vrbi

610 3076 937 3146 relinquitur
962 3081 995 3130 3
1025 3075 1095 3127 Η.
1122 3079 1206 3127 55.
1246 3078 1312 3129 ad
1343 3079 1544 3129 bellum
1573 3081 1624 3129 in
1650 3077 2001 3145 Campaniam
2028 3083 2160 3132 mit-

611 3164 753 3239 titur
779 3167 829 3216 3.
861 3163 931 3215 H.
959 3166 1042 3215 58.
1082 3163 1437 3215 Tarracinam
1473 3165 1623 3230 capit
1648 3168 1683 3215 3
1709 3163 1780 3216 Η.
1812 3170 1893 3217 77.
1916 3166 2149 3225 infamiS‚

610 3251 703 3303 sed
735 3250 1026 3304 industrius
1054 3253 1127 3302 ib.
1148 3252 1473 3304 interficitur
1964 3257 1993 3301 4
2018 3250 2093 3302 Η.
2122 3253 2161 3303 2

541 3337 603 3391 Ρ.
637 3339 892 3391 Vitellius
943 3346 983 3394 1.
1025 3342 1107 3390 70.
1148 3340 1214 3392 ad
1257 3354 1447 3390 census
1485 3337 1780 3390 Galliarum
1824 3339 2067 3390 mittitur
2104 3340 2159 3400 2,

610 3426 663 3476 6.
690 3428 1092 3478 accusationem
1136 3428 1189 3477 in
1217 3425 1466 3476 Pisonem
1506 3426 1723 3477 instruit
1759 3427 1809 3484 2,
1839 3429 1922 3476 74.
1962 3423 2160 3476 Trioni

610 3530 714 3569 non
739 3516 941 3568 occidit
959 3521 1010 3575 3,
1044 3520 1123 3570 10.
1143 3523 1428 3571 accusatur
1451 3518 1503 3579 5,
1521 3519 1574 3570 8.
1600 3530 1658 3569 se
1697 3517 1874 3583 ipsum
1897 3512 2163 3566 concedit

622 3604 698 3656 ib.
735 3604 851 3657 eius
876 3617 1011 3656 uxor
2008 3600 2061 3661 6,
2089 3602 2158 3651 47
