2532 4164
1099 299 1254 348 cst.
1283 278 1396 347 19.
1433 282 1555 349 20.
2074 279 2170 349 75

433 450 815 519 circumcisis,
844 469 1010 527 quae,
1065 454 1125 512 in
1176 462 1477 531 quaestum
1529 459 1776 527 reperta,
1817 454 1945 528 ipso
1999 454 2177 512 tribu·

428 558 490 612 to
537 555 772 627 gravius
821 557 1231 612 tolerabantur.
1263 574 1512 630 namque
1570 573 1672 628 per
1713 553 2018 611 ludibrium
2080 553 2176 611 ad-

430 654 620 710 sidere
675 654 886 711 clausis
944 655 1179 719 horreis,
1218 662 1277 712 et
1332 672 1524 711 emere
1570 657 1718 710 ultro
1765 654 2068 717 frumenta,
2107 669 2180 710 ac

432 754 689 811 vendere
764 752 950 826 pretio
1023 758 1396 827 cogebantur.
1465 754 1730 811 devortia
1757 786 1766 794 —
1795 753 2066 809 itinerum
2120 756 2183 808 et

435 853 824 928 longinquitas
888 854 1186 928 regionum
1251 853 1630 919 indicebatur,
1702 860 1762 909 ut
1816 853 2093 909 civitates
2141 867 2180 907 a

434 952 714 1025 proximis
755 953 1012 1010 hibernis
1044 954 1102 1010 in
1148 961 1365 1010 remota
1395 959 1453 1009 et
1483 954 1619 1008 avia
1648 953 1941 1017 referrent,
1971 953 2184 1017 donec,

438 1051 588 1125 quod
617 1052 884 1109 omnibus
914 1054 974 1109 in
1008 1060 1270 1125 promptu
1296 1059 1437 1117 erat,
1462 1051 1662 1124 paucis
1684 1041 1969 1107 lucrosum
2000 1052 2181 1107 lieret.

515 1153 682 1208 Haec
740 1155 926 1224 primo
1009 1157 1206 1210 statim
1285 1169 1439 1210 anno
1509 1154 1967 1224 comprimendo,
2024 1149 2288 1225 egre-20

437 1250 590 1324 giam
639 1251 850 1309 famam
894 1251 1024 1324 paci
1073 1252 1500 1320 circumdedit3
1571 1270 1719 1326 quae
1789 1254 1883 1309 vel
1942 1250 2185 1318 incuria,

390 1378 398 1385 ·
440 1353 538 1406 vel
590 1352 895 1408 tolerantia
948 1352 1214 1423 priorum,
1275 1354 1425 1409 haud
1474 1352 1661 1409 minus
1730 1370 1899 1426 quam
1971 1354 2188 1408 bellum

437 1447 760 1512 timebatur.
858 1451 1113 1516 Sed,ubi
1156 1458 1346 1506 aestas
1374 1452 1636 1515 advenit,
1679 1458 1985 1506 contracto
2025 1467 2187 1506 exer·

439 1546 577 1613 citu,
611 1549 865 1606 militum
897 1551 957 1606 in
982 1550 1212 1624 agmine
1244 1549 1473 1606 laudare
1515 1547 1877 1612 modestiam,
1908 1549 2188 1605 disiectos
2260 1547 2265 1552 ’

439 1654 754 1706 coercere:
825 1650 951 1706 loca
1018 1648 1224 1704 castris
1274 1648 1401 1720 ipse
1454 1665 1702 1721 capere:
1769 1647 2062 1704 aestuaria
2116 1664 2188 1705 ac

436 1745 618 1803 silvas
664 1749 791 1819 ipse
848 1754 1250 1820 praetentare:
1294 1753 1351 1803 et
1385 1747 1530 1803 nihil
1597 1747 1830 1804 interim
1874 1749 2025 1819 apud
2061 1749 2187 1804 hos·

439 1849 525 1902 tes
556 1846 812 1919 quietum
856 1847 999 1918 pati,
1041 1864 1154 1919 quo
1210 1846 1399 1903 minus
1456 1846 1661 1902 subitis
1712 1847 2050 1903 excursibus
2093 1864 2186 1917 po·
2255 1840 2264 1843 ’

438 1949 744 2019 putaretur.
789 1953 984 2019 atque.
1012 1945 1107 2001 ubi
1137 1946 1279 2001 satis
1311 1953 1615 2011 terruerat,
1658 1946 1951 2017 parcendo
1994 1962 2184 2003 rursus

435 2043 808 2102 inritamenta
839 2044 998 2117 pacis
1041 2049 1356 2100 ostentare.
1489 2044 1715 2116 Quibus
1768 2046 1933 2100 rebus
1967 2047 2183 2101 multae

442 2144 736 2210 civitates,
765 2142 1002 2218 quaein
1044 2144 1208 2199 illum
1236 2144 1393 2200 diem
1439 2161 1512 2199 ex
1571 2159 1757 2217 aequo
1808 2150 2052 2216 egerant
2092 2145 2188 2200 da·

472 2300 603 2358 retio,
621 2315 648 2345 a
668 2299 1027 2404 procuratoribus
1048 2299 1385 2369 publicanisque
1415 2300 1668 2353 aestimato,
1687 2300 1880 2345 vendere
1897 2299 2182 2357 cogebantur.

438 2314 568 2410 auae
588 2366 666 2405 tan
699 2373 770 2404 em
791 2358 1070 2404 intoleranda
1082 2364 1180 2404 erat
1195 2359 1401 2413 saevitia,
1425 2358 1705 2405 indicebatur
1724 2358 1993 2411 civitatibus,
2017 2363 2082 2414 ut,
2104 2373 2192 2404 non

438 2418 485 2465 in
501 2418 584 2463 sibi
602 2418 823 2479 proxima,
838 2418 916 2464 sed
932 2418 974 2464 in
988 2426 1158 2465 remota
1172 2425 1219 2465 et
1236 2417 1342 2463 avia
1357 2418 1556 2472 hiberna,
1575 2432 1655 2479 per
1671 2418 1867 2464 divortia
1878 2418 2082 2463 itinerum
2099 2419 2194 2463 lon·

439 2491 582 2538 gaque
602 2476 828 2535 regionum
846 2477 1086 2524 intervalla
1107 2478 1375 2523 frumentum
1390 2479 1629 2522 deferrent.
1697 2477 1768 2522 Sic
1789 2478 1904 2537 quod
1925 2477 2127 2522 omnibus
2146 2476 2192 2522 in

440 2542 649 2597 promptu
669 2545 783 2590 erat,
806 2537 955 2596 paucis
1019 2536 1234 2582 ublicanis
1268 2536 1491 2581 lucrosum
1532 2537 1678 2582 flebat.
1747 2538 1793 2581 ln
1815 2536 1869 2580 iis
1901 2545 2052 2580 antem
2083 2535 2195 2592 inju-

440 2594 607 2642 riarum
626 2594 846 2649 versutiis,
869 2609 956 2640 non
1008 2603 1164 2641 eerant
1184 2610 1304 2647 sane,
1329 2595 1402 2656 qui
1427 2594 1665 2640 ferociores
1688 2594 2000 2641 Britannorum
2022 2595 2194 2640 animos

441 2654 579 2700 variis
611 2653 813 2700 ludibriis
843 2654 1115 2715 assiduisque
1153 2654 1380 2700 laboribus
1419 2653 1666 2700 domandos
1695 2654 1973 2712 Jactitarent.
2058 2652 2194 2701 Victa

442 2712 569 2773 plebs
590 2727 766 2772 semper
788 2727 881 2770 rea,
902 2728 1000 2759 cum
1022 2713 1256 2774 premitur.

506 2792 749 2855 Priorum]
815 2791 1019 2839 Priorum
1040 2792 1309 2853 praesidum.

513 2870 606 2918 Ubi
628 2872 784 2933 aestas]
849 2874 984 2920 Anno
1002 2871 1141 2919 Urbis
1160 2872 1371 2919 conditae
1391 2887 1665 2919 ccccxxxii.
1731 2872 1838 2919 Jesu
1878 2871 2051 2920 Christi
2070 2874 2143 2920 79.

504 2950 672 2997 castris
708 2951 799 3007 ipse
838 2952 1008 3012 capere]
1102 2949 1262 2998 Multa
1297 2951 1445 2998 adhuc
1478 2957 1659 2998 manent
1683 2952 1728 2998 in
1757 2951 1987 2998 Britannia
2015 2952 2196 2998 illorum

443 3016 689 3057 castrorum
729 3010 930 3067 vestigia.
1012 3008 1117 3057 Duo
1154 3010 1408 3081 praecipua,
1440 3010 1527 3057 sita
1555 3011 1598 3056 in
1637 3010 1871 3080 provincia
1909 3010 2197 3067 Anmndnle,

443 3069 652 3130 dictaque
692 3069 969 3116 Burmwork
1009 3074 1057 3114 et
1092 3068 1329 3127 Mzddleby
1367 3068 1462 3115 fuse
1507 3069 1718 3117 describit
1756 3069 1955 3116 eruditus
1993 3068 2197 3128 Gomon,

442 3128 747 3176 Itium-urium
764 3127 1129 3186 Septentrionale,
1152 3142 1253 3189 pag.
1282 3132 1335 3175 16
1353 3134 1399 3173 et
1426 3131 1492 3177 18.

501 3208 762 3269 Aestuaria]
829 3207 1085 3261 Aestuaria,
1106 3207 1184 3253 ubi
1204 3207 1518 3254 Britannorum
1551 3208 1743 3261 lintres;
1775 3206 1924 3263 silvas,
1948 3206 2023 3252 ubi
2043 3220 2198 3253 eorum

442 3281 567 3313 arma
587 3281 643 3314 ac
662 3267 961 3338 receptacula.
1028 3265 1113 3312 Illa
1133 3281 1244 3313 vero
1263 3268 1485 3313 aestuaria
1517 3282 1634 3313 nunc
1652 3266 1835 3312 dicimus
1877 3266 1981 3317 Des,
2024 3265 2198 3321 Ribble,
2235 3319 2242 3324 „

439 3331 481 3372 st
521 3324 863 3384 Solmy-Ftrtk,
899 3326 991 3371 alia
1024 3339 1081 3370 ue
1101 3326 1259 3382 multa,
1299 3340 1415 3387 quae
1444 3333 1683 3372 occurrunt
1713 3339 1851 3385 usque
1872 3326 1930 3371 ad
1951 3325 2132 3374 Clotam
2150 3329 2200 3370 et

444 3384 723 3440 Bodotriam,
744 3386 804 3431 de
822 3385 978 3446 quibus
1029 3385 1170 3432 ieetor
1188 3385 1304 3431 infra
1320 3399 1417 3447 cap.
1439 3389 1510 3432 2³.

500 3464 580 3510 Ex
608 3479 633 3509 α
780 3466 979 3526 egerant]
1042 3464 1071 3511 i.
1095 3479 1136 3512 e.
1170 3465 1367 3512 nondum
1406 3464 1452 3509 iu
1490 3467 1717 3525 potestate
1737 3462 1870 3509 Rom.
1910 3463 2101 3517 fuerant,
2121 3461 2202 3508 sed

443 3522 511 3571 sui
532 3523 654 3580 iuris,
694 3523 863 3571 iberae.
933 3524 1022 3570 Sed
1045 3524 1274 3571 fatendum
1290 3531 1374 3582 est,
1395 3523 1445 3570 id
1460 3523 1601 3572 lenius
1616 3536 1727 3581 esse,
1744 3536 1877 3584 quam
1891 3535 1975 3585 pro
1994 3536 2065 3579 eo,
2080 3520 2200 3583 quod

444 3583 701 3645 opponitur,
721 3584 842 3631 iram
859 3596 1056 3641 portura.
1120 3582 1243 3632 Brn.
