2532 4164
867 346 872 355 '
949 348 1490 397 mmmmm-um.
1975 325 2022 395 9

488 507 576 556 30.
616 503 816 556 Lucms
856 504 1168 560 Ausonius,
1205 500 1315 554 Juli
1362 503 1583 555 Antonii
1622 505 1683 554 et
1722 501 2019 554 Marcellae

423 590 640 642 minoris
688 590 844 642 filius.
918 589 1006 641 Ob
1054 590 1228 641 scelus
1282 590 1469 654 patris.
1521 588 1694 640 adhuc
1735 588 2019 640 admodum

417 677 855 731 adolescentulus
917 678 970 728 in
1017 678 1303 729 civitatem
1356 675 1744 728 Massiliensem
1793 678 1863 726 ab
1912 680 2022 726 Au·

418 772 574 833 gusto
599 767 869 832 sepositus
894 769 998 825 est,
1041 769 1102 814 ut
1143 765 1326 828 specie
1360 760 1655 814 studiorum
1698 776 1891 813 nomen
1930 776 2024 814 ex·-

423 851 501 902 ilii
541 855 838 919 tegeretur.
878 850 1034 902 Obiit
1070 863 1207 900 anno
1237 847 1306 900 U.
1346 847 1410 899 C.
1459 863 1801 901 nccuxviu.
1839 847 2021 899 Tacit.

425 937 616 989 Annal.
645 954 721 990 iv.
749 942 834 989 44.

489 1113 575 1161 31.
616 1109 845 1162 MAncus
884 1110 1194 1175 Ammonius.
1233 1109 1502 1168 triumvir,
1531 1108 1607 1160 Μ.
1638 1109 1876 1167 Antonii,
1903 1124 2023 1160 orav-

423 1197 571 1256 toris.
600 1197 751 1255 filius,
778 1198 920 1249 alter
943 1196 1225 1249 Octaviae.
1253 1197 1446 1247 sororis
1490 1196 1733 1262 Augusti.
1779 1195 2018 1253 maritus,

421 1302 579 1356 quam
630 1299 849 1336 uxorem
898 1285 1114 1350 accepit
1160 1298 1299 1334 anno
1352 1280 1419 1333 U.
1467 1280 1528 1333 C.
1574 1296 1793 1333 cccxiv.
1884 1280 2018 1332 Eam

409 1388 552 1425 vero
578 1369 884 1439 repudiavit
911 1386 1045 1422 anuo
1073 1368 1142 1420 U.
1187 1370 1249 1421 C.
1293 1385 1537 1429 cccxxii,
1573 1376 1635 1421 ut
1676 1368 2016 1435 Cleopatrae,

424 1456 664 1527 Aegypti
705 1458 1004 1524 reginarum
1054 1455 1393 1514 novissimae.
1444 1455 1559 1521 ipse
1599 1457 1849 1508 serviret.
1887 1453 2021 1506 Cae·

420 1559 537 1595 sare
561 1542 836 1594 dictatore
861 1541 1055 1598 occiso.
1085 1542 1400 1593 sestertium
1426 1541 1629 1606 septies
1654 1541 1870 1600 millies,
1896 1539 2022 1591 Gal·

383 1629 559 1680 ·licae
609 1633 859 1679 monetae
911 1626 1073 1678 libras
1122 1627 1482 1684 136‚185‚175.
1524 1624 1589 1678 ad
1640 1625 1832 1678 aedem
1885 1625 2020 1693 Opis

420 1715 726 1781 depositum
767 1717 1153 1779 occupaverat.
1223 1710 1689 1780 Civisvpessimua
1734 1715 1788 1765 in
1830 1713 2023 1766 trium·

422 1803 599 1853 viratu
627 1798 950 1868 praegravis.
990 1804 1049 1851 et
1076 1799 1285 1851 scelere
1310 1800 1760 1865 proscriptionum
1789 1798 2018 1851 infamis.

422 1885 641 1938 Summa
664 1901 828 1952 saepe
851 1890 1251 1943 consecuturus,
1277 1885 1378 1936 nisi
1422 1885 1633 1936 fortuna
1673 1899 1767 1935 sua
1807 1884 2022 1938 inferio-

421 1986 553 2029 rem,
597 1975 692 2022 aut
731 1970 910 2036 potius
955 1968 1243 2038 indiguum,
1288 1982 1346 2022 se
1385 1985 1598 2036 semper
1634 1969 2018 2035 praestitisset.

415 2057 504 2111 Ad
531 2058 753 2110 Actium
794 2057 967 2110 victus
1007 2072 1143 2109 auno
1169 2055 1241 2109 U.
1266 2056 1330 2109 C.
1368 2072 1627 2117 nccxxm
1671 2058 1843 2109 multa
1881 2056 2019 2109 desi-

416 2142 542 2195 diae
566 2143 793 2194 crimina
815 2146 991 2194 morte
1027 2142 1277 2202 redemit,
1305 2144 1520 2210 scriptis
1549 2152 1730 2194 tamen
1755 2149 1815 2193 et
1841 2147 2014 2194 morte

420 2226 694 2279 Ciceronis
728 2231 1008 2279 aeternum
1049 2226 1297 2280 famosus.
1336 2228 1480 2280 Vell.
1519 2227 1792 2280 Patet-cul.
1837 2243 1899 2287 ιι,
1948 2228 2018 2278 60

420 2317 481 2367 et
504 2316 588 2365 87.
628 2312 730 2367 Dio
771 2312 832 2365 1..
871 2329 989 2383 pag.
1042 2317 1159 2366 420.
1201 2314 1343 2367 Plin.
1385 2331 1486 2376 vu,
1513 2317 1598 2367 45.
1634 2314 1913 2367 Plutarch.
1960 2315 2017 2365 in

424 2401 624 2453 Anton.
662 2400 855 2454 Cicero
881 2401 936 2453 in
961 2400 1253 2469 Philippic.

475 2489 537 2542 ln
588 2491 818 2544 nummis
866 2490 1177 2557 appellatur
1228 2490 1306 2543 M.
1357 2490 1584 2543 Aaron.
1625 2489 1704 2542 M.
1743 2505 1794 2542 r.
1834 2487 1914 2541 M.
1955 2503 2011 2541 ιε.

419 2593 546 2636 ⁴ave.
587 2592 707 2629 mr.
746 2592 859 2628 cos.
897 2592 1074 2629 nesso.
1114 2593 1270 2629 ima.
1310 2593 1400 2629 ΕΤ.
1453 2592 1623 2629 wear.
1663 2591 1851 2628 invia.
1892 2591 2012 2628 arc.

418 2663 473 2717 id
496 2669 600 2723 est,
626 2662 844 2715 Marcus
881 2661 1167 2724 Antonius,
1195 2663 1377 2717 Marci
1401 2663 1580 2730 filius,
1621 2661 1803 2718 Marci
1840 2679 2015 2731 nepos,

416 2763 605 2813 augur,
632 2749 936 2815 imperator,
963 2750 1142 2801 consul
1162 2749 1458 2815 designatus
1481 2751 1676 2804 iterum
1699 2756 1747 2803 et
1779 2750 2013 2809 tertium.

411 2836 671 2889 triumvir
696 2836 1011 2904 reipublicae
1037 2836 1437 2890 constituendae.

481 3012 568 3061 32.
608 3009 875 3062 Axe-roma
915 3012 1098 3078 major,
1125 3008 1409 3070 Octaviae,
1446 3009 1678 3077 Augusti
1716 3013 1925 3066 sororis,
1951 3011 2012 3059 et

411 3093 493 3146 M.
532 3096 757 3148 Antonii
784 3098 1053 3150 triumviri
1096 3096 1223 3154 fllia.
1249 3112 1386 3148 uxor
1426 3095 1488 3148 1..
1532 3095 1758 3148 Domitii
1801 3094 2015 3144 Aheno—

414 3181 586 3233 barbi.
659 3183 710 3233 A
757 3183 956 3234 Tacito
1007 3185 1240 3234 Antonia
1266 3184 1441 3233 minor
1487 3181 1833 3248 appellatum
1872 3177 2013 3230 forte

414 3264 707 3324 Antoniam
749 3269 1007 3334 majorem
1041 3281 1111 3322 ex
1156 3266 1349 3318 fulvia
1387 3272 1515 3319 ante
1530 3268 1866 3333 3susceperat
1901 3264 2012 3320 Aa·
