2532 4164
1129 304 1287 353 car.
1345 289 1408 353 1.
2084 293 2129 357 3

386 472 499 531 que
564 458 763 513 mutuo
801 458 960 513 metu
1008 461 1108 514 aut
1158 461 1469 529 montibus,
1524 467 1834 536 separatur.
1956 464 2128 523 Cete-

381 573 447 612 ra
501 555 773 612 Oceanus
827 554 1029 621 ambit,
1092 557 1239 614 latos
1288 559 1448 616 sinus
1499 566 1559 618 et
1609 562 1891 620 immensa
1938 563 2128 635 spatia

383 656 801 726 complectens,
883 671 1066 726 nuper
1141 657 1393 729 cognitis
1464 660 1803 734 quibusdam
1857 662 2124 735 gentibus

381 769 453 809 ac
504 754 781 828 Regibus,
855 773 996 831 quos
1063 758 1281 815 bellum
1331 759 1574 831 aperuit.
1660 761 1918 826 Rhenus,
1975 762 2122 818 Rae·

383 849 631 911 ticarum
689 856 929 928 Alpium
958 857 1263 914 inaccesso
1290 874 1361 914 ac
1411 857 1717 930 praecipiti
1768 858 1990 915 vertice
2038 878 2124 917 or-

378 953 486 1015 tus,
542 953 774 1010 modico
824 955 982 1013 flexu
1050 956 1113 1012 in
1169 955 1561 1013 Occidentem
1616 974 1839 1024 versus,
1893 965 2122 1030 septen-

376 1102 561 1150 lateant.
624 1106 751 1152 Vere
766 1108 884 1154 enim
907 1109 1236 1172 Montesquius,
1258 1109 1332 1157 De
1351 1110 1544 1168 Legibus
1563 1110 1716 1165 XXX,
1744 1114 1808 1156 19.
1873 1113 1887 1136 ⁴
1906 1112 1924 1157 1
1931 1126 1957 1156 n
1976 1111 2120 1167 legem

384 1163 397 1186 ‘
420 1168 610 1209 nostram
630 1165 858 1224 politicam
891 1168 1026 1213 altius
1095 1175 1301 1214 enetrare
1333 1183 1421 1214 non
1460 1169 1579 1223 licet,
1604 1170 1695 1238 nisi·
1727 1169 1988 1238 populorum
2007 1172 2121 1240 (ier-

374 1221 388 1244 ⁸
411 1222 678 1268 manicorum
698 1229 748 1269 et
786 1226 929 1284 Leges
968 1232 1015 1272 et
1054 1185 1212 1274 §dores
1246 1235 1411 1272 exacte
1428 1236 1695 1298 perscrutati
1719 1231 1887 1274 emme!
1965 1229 2119 1299 Brevis

376 1279 552 1337 quidem
571 1288 639 1327 est
657 1282 854 1339 libellus,
891 1286 967 1331 sed
992 1286 1090 1332 alto
1109 1286 1257 1334 Taciti
1295 1287 1472 1344 ingemo
1500 1295 1545 1331 et
1574 1287 1786 1333 immensa
1823 1301 1968 1356 rerum
1990 1303 2119 1347 copia

406 1337 544 1393 lenus,
566 1354 694 1400 quem
731 1344 897 1401 paucis,
935 1347 1010 1391 sed
1033 1347 1222 1403 egregie,
1262 1345 1469 1391 laudavit
1491 1345 1608 1392 idem
1648 1347 1966 1449 Montesguius
2003 1348 2117 1414 cele-

434 1397 705 1453 rrimus‚loc.
748 1400 820 1447 cit.
857 1418 952 1463 cap.
997 1408 1039 1449 9..
1106 1405 1324 1450 ‘Tacitus
1356 1403 1536 1465 reliquit
1557 1412 1794 1451 tractatum
1866 1420 1891 1450 e
1927 1407 2117 1474 moribus

378 1457 393 1479 ⁴
415 1455 764 1505 Germanorum:
798 1468 1016 1510 tractatus
1053 1463 1125 1509 hic
1145 1468 1213 1508 est
1254 1463 1413 1516 brevis,
1454 1465 1530 1509 sed
1572 1466 1742 1511 ΤΑειτι
1789 1472 1855 1508 est
1876 1479 1999 1533 opus,
2041 1479 2116 1526 qm

354 1514 385 1551 η*
407 1514 558 1559 omnia
581 1515 624 1561 in
646 1517 782 1563 breve
802 1522 1014 1567 reducere
1033 1522 1192 1582 potuit,
1214 1522 1319 1583 quia
1340 1522 1489 1567 omnia
1510 1523 1818 1582 perexplomta
1841 1524 2031 1568 habuit’

432 1574 647 1620 Ordinem
683 1579 936 1638 scriptionis
967 1580 1002 1626 si
1039 1581 1277 1642 sequimur,
1332 1588 1438 1625 ante
1474 1582 1695 1629 Historias
1715 1587 1762 1626 et
1801 1584 1994 1628 Annales
2031 1585 2112 1630 sibi
2189 1622 2195 1629 .

369 1629 518 1676 locum
559 1634 754 1680 vindicet
797 1638 869 1683 hic
905 1639 1096 1686 libellus,
1176 1640 1377 1699 Scriptus
1412 1640 1530 1685 enim
1549 1649 1616 1687 est
1657 1640 1853 1695 Traiano
1874 1644 2112 1690 secundum

370 1689 580 1745 Consule,
602 1693 646 1738 id
679 1702 747 1740 est
781 1696 938 1742 Nerva
975 1699 1120 1744 adhuc
1159 1699 1276 1743 vivo.
1344 1700 1442 1757 Ipse
1477 1701 1671 1745 ostendit
1710 1716 1746 1744 c.
1782 1703 1855 1746 37.
1918 1701 2112 1748 Caecilio

368 1747 547 1794 Metello
566 1766 617 1795 oc
655 1752 840 1810 Papirio
860 1757 1062 1803 Carbone
1093 1771 1209 1802 coss.
1274 1757 1353 1803 Eae
1390 1772 1473 1815 quo
1509 1760 1551 1803 si
1586 1762 1646 1804 ad
1681 1761 1875 1805 alterum
1915 1759 2113 1808 'Pramus’
2186 1771 2193 1779 ¹

365 1807 661 1856 Consulatum
694 1820 1003 1870 computemus,
1040 1814 1220 1863 ducenti
1240 1816 1350 1870 sere
1396 1822 1436 1861 et
1470 1818 1612 1863 decem
1659 1818 1776 1863 anni
1813 1819 2107 1875 colliguntur.

360 1867 431 1969 fi
457 1865 684 1916 Historiae
703 1881 889 1933 coeptae
917 1874 1074 1921 Nerva
1104 1876 1192 1920 iam
1232 1883 1410 1920 mortuo
1445 1882 1491 1920 et
1530 1877 1649 1923 inter
1688 1877 1847 1934 Divos,
1869 1887 1920 1923 ut
1959 1879 2106 1926 docui.

425 1939 489 1980 ps.

419 2003 664 2053 Germania
695 2011 857 2072 omnis]
919 2012 1175 2067 Germania,
1197 2014 1254 2059 de
1286 2028 1373 2073 qua
1408 2029 1521 2060 nunc
1552 2015 1719 2073 agitur,
1759 2023 1827 2061 est
1858 2017 2108 2064 Transrhe-

359 2076 489 2110 nana.
563 2068 629 2113 Ad
668 2082 867 2117 occasum
911 2073 1086 2127 Rheno,
1126 2074 1183 2117 ad
1227 2072 1470 2119 Meridie-m
1513 2073 1735 2128 DanubiO,
1776 2075 1831 2120 ad
1873 2075 2106 2123 Orientem

362 2120 558 2180 Vistula,
595 2125 821 2173 Sarmatia
861 2129 1106 2191 Daciaque,
1143 2133 1200 2176 ad
1239 2132 1617 2187 Septeintrionem
1659 2134 1856 2187 Oceano,
1897 2137 2104 2181 termina·

359 2185 447 2226 tur.
540 2185 832 2233 Occidentem
875 2204 1026 2235 versus
1077 2190 1431 2250 praetenduntur
1469 2190 1607 2244 Galli,
1655 2207 1807 2237 versus
1857 2192 2102 2240 Meridiem

359 2238 498 2285 Raeti
518 2249 565 2287 et
584 2243 813 2302 Pannonii,
853 2262 1005 2293 versus
1023 2249 1256 2294 Orientem
1280 2254 1515 2296 Sarmatae
1535 2256 1579 2294 et
1603 2250 1715 2296 Daci
1738 2270 1747 2295 :
1782 2258 1930 2296 cetera
1953 2268 2103 2301 versus

357 2298 728 2357 septemtrionem
761 2306 901 2350 ambit
931 2308 1147 2360 Oceanus,
1170 2307 1287 2354 latos
1323 2308 1455 2361 sinus,
1481 2308 1747 2355 Bothnicum
1783 2317 1831 2356 et
1871 2310 2101 2359 Finlandi·

353 2370 452 2402 cum
475 2360 618 2416 (mare
650 2361 872 2409 Balticum
894 2380 969 2410 seu
991 2366 1247 2425 Suevicum)
1270 2368 1583 2428 complectens.

421 2436 586 2497 Gallie]
679 2440 831 2487 Gallia
853 2442 1044 2499 Belgica,
1081 2460 1194 2505 quae
1228 2447 1503 2505 superiorem
1540 2447 1878 2509 inferioremque
1912 2451 2097 2498 Germa-

352 2494 472 2541 niam
493 2497 553 2542 cis
573 2498 779 2556 Rhenum
802 2502 1069 2548 continebat.

409 2572 662 2635 Raetisque]
727 2577 858 2624 Male
879 2581 1011 2637 vulgo
1041 2581 1227 2628 Raetiis.
1292 2584 1422 2631 Haec
1452 2586 1510 2630 de
1539 2586 1729 2645 populis,
1762 2600 1849 2633 non
1885 2588 1943 2634 de
1981 2589 2096 2648 regi·

352 2632 511 2679 onibus
546 2641 646 2679 sunt
684 2635 990 2695 intelligenda.
1054 2640 1193 2687 Raeti
1229 2644 1446 2689 latissime
1478 2645 1711 2703 patebant,
1748 2661 1911 2717 caedue
1952 2649 2091 2706 regio·

340 2704 422 2794 ges
441 2693 730 2761 occupabant,
752 2710 860 2756 quas
899 2713 1014 2745 nunc
1045 2700 1246 2759 dicimus,
1270 2703 1309 2747 le
1344 2718 1450 2761 pays
1482 2704 1556 2749 des
1590 2704 1790 2760 Grisom,
1832 2707 2025 2754 buabiae
2044 2714 2093 2757 et

382 2764 567 2795 avariae
585 2760 770 2811 partem.
1829 2777 1832 2778 ’

404 2829 504 2875 Aue
531 2832 768 2892 montibus]
835 2834 1071 2883 Montibus
1103 2839 1375 2894 Sarmaticis,
1420 2855 1535 2887 nunc
1584 2842 1845 2901 Hungariae
1881 2849 2084 2909 montes3

342 2892 391 2933 et
411 2888 487 2933 ubi
510 2903 595 2935 non
615 2899 744 2937 erant
764 2901 950 2953 montes,
972 2903 1128 2943 mutuo
1146 2906 1266 2955 metu
1289 2899 1597 2947 bellicosorum
1617 2904 1897 2963 populorum.

398 2966 622 3013 Immema
641 2971 799 3029 spatia]
864 2973 1144 3035 incomperta
1166 2978 1382 3024 Romanis
1402 2980 1485 3025 liac
1523 2986 1741 3028 terrarum
1772 2989 1917 3043 parte,
1954 2984 2089 3032 Scan-

340 3023 584 3081 dinaviam,
617 3027 817 3084 (Smeden
856 3037 896 3076 et
934 3032 1166 3092 Nomay,)
1206 3037 1460 3095 Eningiam,
1499 3038 1750 3100 (Finland)
1784 3043 1949 3090 insulas
1989 3059 2088 3093 esse

339 3083 454 3129 falso
473 3084 815 3135 existimabam:
862 3090 982 3137 Vide
1001 3108 1099 3155 cap.
1124 3097 1193 3141 ⁴4.
1326 3097 1330 3102 ’

400 3161 562 3219 Nuper
589 3166 791 3226 cognitis]
856 3168 1106 3217 Domitiani
1127 3172 1332 3234 imperio,
1354 3176 1526 3236 opinor.
1558 3178 1627 3223 cui
1649 3178 1767 3225 bella
1787 3195 1885 3226 cum
1919 3182 2083 3241 Cattis,

338 3220 509 3277 Suevis,
549 3224 782 3279 Sarmatis,
820 3234 868 3272 et
905 3244 959 3274 ea
996 3232 1226 3277 occasione
1263 3233 1517 3281 illustratae
1548 3238 1684 3294 magis
1724 3238 1892 3284 vicinae
1912 3248 2081 3299 gentes.

336 3277 458 3334 Lips.
521 3281 710 3329 Colerus
730 3285 878 3343 potius
897 3288 954 3333 de
995 3289 1128 3335 Drusi
1164 3291 1318 3338 Germ.
1352 3292 1481 3339 bellis
1523 3295 1701 3355 accipit,
1737 3299 1923 3345 testibus
1958 3302 2083 3349 Stra-

336 3336 499 3385 bonel.
524 3345 564 3385 7.
600 3356 641 3401 p.
683 3346 785 3388 291.
829 3345 977 3392 Plinio
1007 3352 1048 3401 2,
1070 3354 1140 3395 67.
1202 3351 1419 3398 Suetonio
1455 3353 1616 3399 Claud.
1660 3359 1696 3401 12
1760 3356 1953 3415 Egregie
1988 3376 2082 3409 rem

338 3396 535 3443 illustrat
552 3406 882 3449 monumentum
906 3405 1072 3453 Plautii
1093 3408 1266 3454 Silvani
1288 3410 1467 3457 Aeliani
1483 3414 1601 3472 apud
1621 3414 1750 3460 Grut.
1775 3430 1816 3475 p.
1841 3421 1942 3464 453.

394 3474 456 3521 In
505 3477 789 3525 Occidentem
825 3486 995 3544 versus]
1076 3486 1363 3534 Pleonasmus
1412 3490 1485 3537 ele
1542 3506 1604 3545 ns,
1646 3493 1851 3540 Ciceroni
1891 3497 2079 3559 aliisque

332 3530 605 3585 observatus,
668 3536 732 3586 V.
756 3538 886 3588 clav.
907 3542 1003 3591 Cic.
1021 3542 1068 3591 in
1089 3559 1254 3593 versae.
1320 3547 1455 3596 Adde
1551 3556 1674 3599 auut.
1716 3555 1775 3601 ad
1796 3554 1891 3603 Cic.
1922 3557 2011 3617 Ep.
2033 3560 2077 3617 8,
