2532 4164
659 278 755 327 nn
809 277 1263 329 ons-romum
1318 239 1701 333 btALoavs.
1928 267 2067 335 107

406 430 665 483 recentior
710 435 867 484 aetas.
937 435 1023 485 25.
1081 432 1311 486 Messala
1348 442 1540 496 monet,
1594 437 1813 503 quinam
1863 440 2072 505 antiqui

408 521 610 573 dicendi
633 537 652 578 ,·
687 521 861 588 plures
888 519 1068 588 fuisse
1108 524 1312 576 dicendi
1337 522 1559 591 formas
1580 527 1781 580 ,iisdem
1820 529 2069 586 saeculis‚·

404 611 562 669 docet,
590 612 715 675 quid
735 612 1057 664 sentiendum
1079 614 1138 664 de
1162 615 1454 679 eloquentia
1493 613 1645 667 Calvi
1692 624 1738 668 et
1764 626 2069 679 ceterorum,

404 700 463 750 de
480 701 663 765 quibus
679 717 802 753 mox
817 701 1011 753 dictum
1030 717 1048 759 ,·
1067 703 1224 761 addit,
1253 705 1387 768 quod
1403 721 1454 755 se
1472 706 1809 756 obtrectarint
1828 706 2068 768 invicem,

404 791 594 841 vitium
619 806 721 840 esse
744 806 853 841 non
898 798 1186 851 oratorum,
1211 794 1299 844 sed
1326 795 1619 844 hominum.
1691 797 1775 845 26.
1818 793 1880 846 C.
1909 794 2070 846 Grac-

406 879 493 930 chi
532 880 786 945 impetum
833 886 881 930 et
930 880 995 931 L.
1038 879 1220 935 Crassi
1265 883 1626 934 maturitatem
1670 883 2069 949 praeferendam

406 984 508 1019 esse
578 970 891 1021 calamistris
944 967 1258 1021 Maecenatis
1307 977 1397 1021 aut
1436 972 1714 1023 tinnitibus
1787 973 2064 1026 Gallionis.

405 1056 645 1109 Cassium
691 1058 939 1110 Severum
982 1075 1178 1125 parum
1216 1062 1400 1112 habere
1450 1064 1723 1127 sanguinis
1777 1071 1825 1114 et
1885 1065 2065 1116 rixare

404 1148 592 1211 magis.
634 1162 789 1212 quam
866 1165 1122 1214 pugnare,
1186 1166 1279 1201 nec
1325 1151 1566 1202 adtulisse
1625 1152 1856 1216 Aprum,
1914 1169 2067 1217 quem
2131 1219 2136 1227 Ι

355 1265 358 1268 1
402 1234 645 1288 Ciceroni
678 1238 757 1288 vel
782 1236 999 1290 Caesari
1047 1245 1343 1303 opponeret.
1423 1244 1638 1291 17—29.
1679 1240 1892 1292 Petente
1944 1242 2065 1293 Ma-

401 1317 566 1379 terno.
615 1326 682 1376 ad
715 1328 1044 1391 explicandas
1088 1342 1294 1379 caussas
1334 1330 1523 1379 transit
1553 1328 1794 1388 Messala,
1844 1345 1940 1380 cur
1962 1331 2064 1381 elo·

404 1416 611 1480 quentia
635 1422 924 1481 ceteraeque
950 1423 1084 1467 artes
1101 1432 1151 1476 a
1172 1425 1337 1469 vetere
1373 1419 1551 1481 gloria
1573 1419 1894 1476 desciverint,
1933 1421 2063 1472 desi-

404 1503 547 1556 diam
592 1505 891 1562 iuventutis,
939 1507 1316 1570 negligentiam
1367 1515 1662 1571 parentum,
1729 1509 2060 1562 inscientiam

396 1594 837 1659 praecipientium
883 1601 930 1645 et
972 1595 1283 1648 oblivionem
1306 1596 1472 1647 moris
1509 1597 1730 1662 antiqui.
1804 1595 2059 1659 Ostendit,

403 1684 540 1748 apud
573 1685 811 1749 antiquos
835 1699 1063 1736 severam
1086 1691 1132 1734 et
1156 1690 1389 1735 sanctam
1416 1681 1594 1750 fuisse
1630 1686 1920 1738 liberorum
1943 1688 2062 1739 edu·

402 1775 689 1831 cationem,·
748 1774 888 1839 apud
925 1774 1233 1825 recentiores
1293 1774 1360 1830 ad
1414 1775 1776 1825 histrionalem
1804 1774 2061 1840 favorem

398 1863 657 1927 deflexisse
697 1870 743 1915 et
770 1865 1015 1918 rhetores.
1087 1865 1310 1914 30—32.
1350 1861 1436 1912 Ea:
1462 1863 1812 1926 ingenuarum
1859 1866 2060 1917 artium

398 1953 613 2004 scientia
636 1958 684 2003 et
733 1952 881 2003 varia
903 1951 1191 2002 eruditione
1217 1952 1493 2001 exundasse
1528 1952 1800 2016 antiquam
1824 1953 2059 2016 eloquen-

399 2043 545 2101 tiam,
573 2042 705 2107 quod
727 2040 994 2093 Ciceronis
1017 2041 1250 2106 exemplo
1272 2046 1478 2105 pateat‚·
1505 2040 1718 2092 illarum
1745 2047 2059 2094 contemtum

393 2133 632 2198 primam
668 2147 769 2182 esse
818 2136 1091 2195 corruptae
1140 2130 1456 2194 eloquentiae
1505 2144 1758 2181 caussam.
1831 2133 2054 2182 33—35.

397 2228 508 2273 tum
557 2222 760 2273 iuvenes
785 2221 930 2279 olim,
969 2220 1242 2271 domestica
1275 2219 1553 2284 disciplina
1576 2219 1797 2278 inbutos,
1823 2219 2056 2272 deductos

395 2328 495 2363 esse
519 2312 586 2362 ad
608 2317 839 2361 oratores
862 2309 1143 2374 principes,
1184 2323 1309 2373 quos
1351 2308 1527 2359 sectati
1558 2323 1796 2373 pugnare
1823 2310 1973 2373 quasi
1997 2311 2058 2360 in

392 2400 595 2466 proelio
634 2399 909 2450 didicerint
927 2417 943 2448 .·
1000 2405 1179 2462 postea
1223 2399 1285 2448 in
1330 2398 1526 2448 scholas
1573 2399 1841 2448 rhetorum
1887 2404 2057 2450 trans·

399 2490 513 2550 isse,
550 2489 642 2539 ubi
664 2488 804 2539 nihil
842 2488 1085 2546 discatur,
1126 2487 1235 2537 nisi
1258 2487 1394 2550 quod
1428 2470 1583 2537 usum
1617 2502 1724 2536 non
1747 2488 1948 2538 habeat.

331 2577 491 2644 [Heic
526 2578 742 2628 mutilus
787 2583 857 2628 est
901 2575 1155 2627 Messalae
1180 2592 1368 2632 sermo,
1404 2573 1602 2641 fhrsan
1625 2581 1672 2626 et
1714 2577 1880 2641 periit
1922 2575 2056 2628 Iulii

396 2667 616 2719 Secundi
639 2681 656 2721 2·
693 2666 925 2731 sequitur
950 2664 1186 2716 Materni
1209 2665 1395 2723 oratio,
1423 2665 1587 2730 capite
1611 2671 1813 2716 trunca.
1887 2663 2055 2717 Lacu-

385 2771 519 2806 nam
543 2758 676 2807 lianc
707 2756 965 2820 complere
1013 2756 1159 2805 nisus
1206 2762 1279 2805 est
1323 2740 1617 2805 Broterius.
1693 2752 1760 2804 In
1801 2755 1885 2812 iis,
1927 2770 2053 2819 quae

392 2847 689 2910 supersunt]
764 2847 850 2897 36.
896 2841 1085 2895 Tradit
1128 2842 1403 2895 Maternus
1429 2862 1444 2892 .·
1477 2843 1867 2907 perturbatione
1925 2844 2055 2895 olim

387 2939 442 2984 et
488 2933 716 2994 licentia,
748 2932 1081 2998 factionibus
1128 2947 1412 2998 procerum
1458 2938 1507 2982 et
1553 2932 1781 2982 adsiduis
1832 2932 2052 2984 Senatus

390 3023 629 3076 adversus
684 3023 885 3088 plebem
942 3022 1332 3079 certaminibus,
1388 3021 1742 3085 eloquentiam
1793 3021 2015 3084 viguisse
2034 3036 2051 3076 ‚·

388 3115 476 3163 37.
513 3127 673 3176 neque
711 3126 1022 3176 quemquam
1056 3126 1308 3175 magnam
1341 3110 1629 3175 potentiam
1664 3109 1775 3160 sine
1817 3110 2054 3173 eloquen-

390 3200 467 3251 tia
501 3207 861 3251 consecutum:
900 3198 1269 3250 Demosthenis
1305 3200 1399 3249 Ιιοο
1435 3205 1482 3249 et
1518 3197 1786 3249 Ciceronis
1822 3198 2053 3262 exemplo

379 3289 743 3354 comprobari.
814 3291 900 3340 38.
941 3287 1196 3339 Primum
1233 3287 1331 3339 Cn.
1372 3287 1699 3351 Pompeium
1735 3287 2053 3349 eloquentiae

392 3377 759 3441 adstringendo
809 3377 1059 3433 nocuisse,
1096 3377 1239 3441 eique
1278 3377 1436 3426 veluti
1469 3373 1533 3439 fr
1545 3391 1665 3425 enos
1727 3374 2014 3438 inposuisse
2032 3382 2059 3433 ‚·*

381 3473 503 3518 tum
572 3469 657 3517 39.
680 3466 947 3532 paenulas,
974 3466 1156 3530 quibus
1181 3463 1418 3516 adstricti
1441 3471 1488 3515 et
1524 3462 1673 3528 quasi
1708 3462 1899 3514 inclusi
1932 3479 2063 3516 cum*
