2532 4164
520 320 619 391 92
1048 340 1223 387 1vL11
1276 338 1518 387 Aemo.
1570 338 1747 389 vr‘rA

515 494 877 561 oommistae,
921 496 1212 566 proximos
1260 513 1515 570 quosque
1569 497 1838 552 caedere.
1881 511 1954 553 ac
1989 499 2265 575 plerique

514 596 865 660 nernineees,
893 603 990 650 aut
1033 595 1263 666 integri,
1315 596 1693 651 festinatione
1745 597 2049 663 victoriae,
2092 600 2265 658 relin-

514 696 853 768 quebantur.
939 695 1182 749 Interim
1231 695 1489 766 equitum
1533 702 1757 750 turmae
1819 695 2062 767 fugere„
2099 699 2264 756 covi-

511 793 664 849 narii
733 792 988 864 peditum
1036 809 1101 849 se
1153 795 1376 864 proelio
1421 795 1723 849 miscuere.
1780 801 1857 859 et,
1912 813 2261 870 quamquam

510 900 810 949 recentem
840 898 1113 947 terrorem
1146 893 1483 957 intulerant,
1511 893 1710 948 densis
1762 901 1958 949 tamen
2004 896 2260 954 bostium

508 990 839 1063 agminibus
867 996 927 1046 et
956 990 1360 1063 inaequalibus
1389 992 1535 1047 loeis
1587 991 1908 1047 haerebant
1934 1012 1948 1047 z
1991 993 2258 1051 minime·

507 1106 619 1163 que
664 1090 945 1161 equestris
976 1106 1047 1145 ea
1098 1105 1324 1161 pugnae
1367 1090 1560 1161 facies„
1577 1099 1718 1156 erat,
1762 1108 1896 1147 cum
1945 1108 2119 1165 aegre
2149 1093 2250 1151 diu

505 1192 746 1253 stantes,
775 1191 946 1244 simul
995 1206 1270 1262 equorum
1317 1190 1652 1260 corporibus
1705 1189 2140 1260 inpellerentur,
2182 1207 2255 1248 ao

505 1303 681 1358 saepe
715 1286 848 1360 vagi
876 1304 1093 1353 currus,
1144 1287 1413 1344 exterriti
1456 1287 1584 1344 sine
1636 1289 1958 1344 rectoribus
1998 1290 2153 1362 equi,
2194 1294 2259 1347 ut

504 1403 788 1459 quemque
838 1386 1085 1443 formido
1133 1388 1362 1452 tulerat,
1439 1392 1819 1453 transversos,
1885 1392 1985 1444 aut
2041 1387 2254 1445 obvios

503 1483 902 1541 incursabant.

398 1590 482 1653 37
588 1584 663 1640 Et
714 1583 1005 1649 Britanni,
1060 1582 1158 1658 qui
1200 1584 1390 1641 adbuc
1435 1599 1662 1656 pugnae
1716 1592 1989 1657 expertes
2029 1599 2256 1641 summa

504 1682 744 1738 collium
800 1682 1153 1749 insederant,
1219 1690 1281 1738 et
1349 1683 1702 1755 paucitatem
1766 1691 2088 1739 nostrorum
2154 1700 2253 1739 va-

504 1781 602 1839 cui
654 1782 1027 1853 spernebant,
1096 1781 1338 1855 degredi
1414 1783 1737 1852 paullatim,
1805 1787 1863 1837 et
1937 1781 2252 1838 circumire

503 1884 669 1953 terga
737 1879 1104 1936 vincentium
1156 1887 1516 1952 coeperant:
1586 1881 1649 1936 ni
1713 1879 1962 1951 idipsum
2028 1881 2250 1937 veritus

503 1979 807 2052 Agricola,
860 1985 1104 2051 quatuor
1168 1980 1424 2049 equiturn
1494 1981 1634 2044 alas,
1702 1978 1773 2033 ad
1843 1978 2035 2034 subita
2106 1980 2247 2037 belli

503 2085 779 2145 retentas,
823 2077 1196 2135 venientibus
1221 2078 1603 2151 opposuisset,
1628 2084 1956 2152 quantoque
1999 2078 2249 2137 ferocius

503 2170 1082 2245 accurrerant,⁸tanto
1128 2177 1319 2233 acrius
1349 2180 1541 2249 pulsos
1569 2177 1631 2233 in
1676 2177 1866 2251 fugam
1896 2177 2247 2236 disieeisset.

504 2275 599 2334 lta
635 2276 946 2333 consitium
996 2275 1406 2332 Britannorum
1436 2276 1498 2332 in
1546 2276 1701 2347 ipsos
1754 2292 2020 2332 versum:
2066 2282 2248 2334 trans·

504 2382 827 2448 vectaeque
858 2382 1167 2446 praecepto
1195 2375 1383 2432 Ducis
1406 2391 1442 2430 a
1468 2373 1655 2431 fronte
1685 2374 2064 2448 pugnantium
2096 2377 2247 2447 alae,

562 2526 785 2588 meum
832 2532 1005 2575 tumme
1034 2528 1081 2585 s
1138 2530 1227 2588 ere]
1291 2527 1381 2574 Hie
1418 2527 1530 2574 nihil
1580 2541 1675 2573 esse
1713 2526 1829 2583 vitii,
1880 2527 1958 2573 sed
2005 2528 2244 2588 plurimum

501 2587 802 2636 cornelianae
823 2588 1056 2633 brevitatis
1073 2542 1295 2633 ¹‹lfftservat
1327 2588 1493 2633 illustr.
1530 2587 1733 2633 Boetius.
1797 2587 1993 2642 Scilicet,
2017 2588 2244 2649 utrimque

501 2661 694 2710 pugnam
715 2661 904 2717 coepere
933 2647 1131 2706 pedites:
1163 2648 1309 2691 fracto
1332 2646 1643 2692 Britannorum
1675 2646 1819 2707 primo
1836 2645 2025 2703 ag‘mine,
2057 2650 2175 2707 quod
2196 2648 2244 2693 in

500 2721 648 2776 nequo
665 2712 941 2758 constiterat,
974 2705 1141 2750 auxilia
1173 2706 1655 2751 Romanorumaciem
1688 2707 1730 2749 in
1751 2705 1890 2750 colles
1909 2719 2104 2752 erexere.
2171 2707 2244 2753 ln-

500 2771 633 2812 terim
674 2765 976 2811 Romanoa-um
1017 2764 1213 2825 equitum
1260 2770 1450 2816 turmae,
1480 2768 1599 2809 ‘cum
1651 2763 1964 2811 Britannorum
2004 2765 2245 2812 covinariis

500 2838 775 2883 congressae,
825 2839 902 2870 eos
950 2824 1165 2869 sustinere
1213 2838 1301 2869 non
1349 2824 1601 2875 voluerunt,
1644 2822 1834 2882 ideoque
1880 2825 2047 2881 sugere.
2111 2825 2242 2870 Tunc

499 2882 734 2935 covinarii,
764 2887 812 2928 et
842 2897 919 2929 eos
952 2884 1090 2928 secuti
1125 2882 1297 2943 equites
1330 2882 1554 2935 Britanni,
1588 2883 1765 2943 superbi
1795 2883 1929 2943 quod,
1961 2883 2116 2941 fugato
2146 2883 2242 2930 Ro·

497 2956 729 2989 manorum
750 2943 966 3003 equitatu,
989 2947 1207 2986 terrorem
1231 2942 1498 2996 intulissent,
1558 2943 1730 2987 editum
1749 2956 1795 2985 se
1816 2943 1989 3001 proelio
2009 2942 2238 2988 miscuere.

497 3001 565 3050 At
588 3002 791 3051 Romani,
823 3000 897 3061 qui
920 3002 1125 3059 primum,
1160 3000 1355 3047 diductis
1389 2958 1634 3054 ordinibus,
1665 3001 1950 3054 incesserant,
1973 3015 2027 3047 ne
2056 3001 2240 3047 circum·

497 3063 771 3113 venirentur,
794 3068 912 3113 tune,
933 3060 1131 3106 densatis
1150 3060 1412 3117 agminibus,
1443 3060 1714 3119 pugnabant,
1736 3065 1785 3104 ut
1805 3061 1946 3105 acrius
1967 3060 2237 3105 resisterent.

498 3120 659 3180 ltaque
703 3116 851 3180 'neque
899 3118 1132 3172 covinarii,
1195 3133 1339 3177 neque
1398 3121 1572 3179 equites
1621 3118 1824 3164 Britanni
1874 3133 1950 3164 eos
2002 3127 2241 3179 penetrare

493 3185 713 3238 potuerez
765 3184 1001 3239 praeterea
1036 3177 1347 3239 inaequalibus
1392 3179 1500 3223 locis
1549 3177 1808 3224 haerebant.
1876 3178 2009 3224 Unde
2055 3179 2238 3223 minime

496 3237 715 3298 equestris
749 3250 803 3282 ea
841 3251 1014 3297 pugnae
1057 3237 1190 3282 facies
1225 3237 1322 3287 fuit.
1359 3252 1458 3283 cum
1488 3237 1705 3283 covinarii
1736 3243 1783 3282 et
1814 3237 1985 3297 equites
2018 3237 2239 3294 Britanni,

492 3310 629 3355 aegre
648 3295 766 3342 clivo
783 3301 969 3349 stantes,
998 3295 1127 3341 simul
1147 3310 1245 3342 cum
1262 3311 1475 3356 equorum
1496 3295 1752 3356 corporibus
1784 3295 2150 3355 impellerentur3
2181 3310 2237 3342 ac

494 3370 627 3416 saepe
649 3355 747 3413 vagi
764 3370 931 3408 currus,
962 3355 1163 3401 exterriti
1193 3355 1289 3401 sine
1319 3355 1562 3401 rectoribus
1592 3355 1710 3416 equi,
1741 3363 1789 3400 et
1809 3369 2026 3415 quemque
2044 3355 2237 3401 formido

494 3414 680 3470 tulerat,
701 3419 989 3469 transversos,
1011 3419 1090 3459 aut
1109 3413 1263 3460 obvios
1283 3414 1579 3459 incursabant.

494 3495 651 3600 “glut
677 3493 840 3555 obvios]
904 3494 1217 3549 Transversos,
1259 3498 1340 3539 aut
1371 3491 1528 3539 obvios
1569 3492 1742 3554 equites
1769 3489 2105 3552 covinariosque
2135 3489 2233 3537 Bri·

577 3566 669 3599 nos.

557 3630 719 3694 Vacui]
781 3630 900 3684 Quia
916 3645 1091 3694 pugnae
1110 3636 1332 3693 expertes.

1981 3686 2008 3706 Q
