2532 4164
857 364 860 369 ·
938 364 1479 414 mms'rm'rum.
1964 342 2011 412 9

476 524 564 573 30.
604 520 804 573 Lucius
844 521 1157 577 Aurasius,
1195 518 1303 571 Juii
1352 521 1572 572 Antonii
1611 521 1672 572 et
1711 518 2007 571 Marcellae

411 607 628 659 minoris
676 607 832 659 filius.
906 605 994 658 Ob
1042 607 1216 658 scelus
1270 608 1457 671 patris,
1509 605 1683 657 adhue
1723 605 2008 657 admodum

405 694 843 748 adolescentulus
905 695 958 745 in
1005 695 1292 746 civitatem
1344 692 1733 745 Massiliensem
1783 695 1852 743 ab
1901 697 2013 743 An-

406 787 563 849 gusto
588 784 857 849 sepositus
882 785 986 842 est,
1029 784 1091 831 ut
1131 781 1315 845 specie
1348 777 1643 835 studiorum
1687 793 1879 830 nomen
1918 793 2013 831 ex·-

411 866 491 918 ilii
529 872 827 936 tegeretur.
866 867 1022 919 Obiit
1058 880 1196 917 anno
1225 864 1294 916 U.
1334 864 1397 916 C.
1447 880 1789 918 nccuxvni.
1827 864 2009 916 Tacit.

413 953 604 1005 Annal.
633 970 710 1006 xv.
737 959 823 1005 44.

477 1129 563 1178 31.
604 1125 833 1178 Murcus
872 1126 1183 1191 Ammonius.
1221 1126 1490 1185 triumvir,
1519 1125 1595 1177 Μ.
1626 1126 1864 1183 Antonii,
1891 1141 2011 1178 ora-

411 1213 559 1272 toris,
588 1213 738 1270 filius,
766 1214 908 1265 alter
931 1212 1213 1264 Octaviae.
1241 1214 1434 1263 sororis
1478 1213 1721 1279 Augusti,
1766 1212 2006 1270 maritus,

410 1318 567 1372 quam
616 1315 837 1352 uxorem
886 1302 1101 1366 accepit
1148 1315 1287 1351 anno
1340 1297 1407 1350 U.
1454 1297 1516 1350 C.
1562 1313 1781 1350 nccxiv.
1872 1298 2006 1349 Eam

397 1404 540 1441 -vero
566 1385 872 1455 repudiavit
899 1402 1034 1440 anuo
1061 1385 1130 1437 U.
1174 1386 1236 1438 C.
1280 1402 1524 1446 nccxxn,
1560 1392 1622 1438 ut
1664 1385 2004 1452 Cleopatrae,

410 1473 653 1543 Aegypti
693 1474 992 1541 reginarum
1043 1472 1380 1530 novissimae,
1432 1472 1547 1538 ipse
1587 1474 1837 1524 serviret.
1874 1471 2009 1523 Cae-

408 1575 525 1611 sare
549 1557 824 1610 dictatore
849 1557 1043 1615 occiso,
1073 1559 1387 1609 sestertium
1414 1558 1617 1624 septies
1642 1557 1857 1617 millies,
1884 1556 2010 1608 Gai-

371 1645 547 1696 ·'licae
596 1649 847 1696 monetae
899 1643 1061 1695 libras
1109 1644 1469 1701 laedebam,
1512 1641 1577 1695 ad
1628 1642 1818 1694 aedem
1873 1642 2007 1711 Opis

409 1730 714 1797 depositum
755 1734 1140 1796 occupaverat.
1211 1727 1360 1781 Civis
1401 1733 1676 1796 pessimae,
1722 1733 1775 1781 in
1818 1731 2012 1783 trium·

409 1819 586 1870 viratu
615 1816 938 1884 praegravis,
977 1820 1037 1867 et
1063 1816 1272 1868 scelere
1298 1817 1749 1882 proscriptionum
1776 1815 2006 1868 infamis.

410 1901 630 1954 Summa
652 1917 815 1969 saepe
839 1906 1238 1960 consecuturus,
1263 1902 1366 1953 nisi
1410 1902 1621 1953 tortuua
1661 1916 1755 1953 sua
1796 1901 2010 1955 inferio-

409 2003 541 2045 rem,
585 1991 680 2039 ant
719 1988 899 2053 potius
943 1984 1230 2055 indignum,
1275 2000 1333 2039 se
1373 2002 1587 2053 semper
1621 1986 2006 2052 praestitisset.

403 2073 493 2127 Ad
517 2075 741 2126 Actium
782 2073 955 2126 victus
994 2090 1130 2126 auno
1156 2072 1227 2126 U.
1253 2073 1317 2127 C.
1356 2090 1614 2134 nccxxrv,
1659 2075 1832 2126 multa
1868 2073 2006 2126 desi-

404 2158 530 2211 diae
554 2159 781 2211 erimina
804 2164 978 2210 morte
1013 2159 1263 2219 redemit,
1292 2162 1508 2227 seriptis
1537 2169 1717 2212 tamen
1742 2166 1802 2211 et
1828 2164 2002 2212 morte

407 2242 682 2295 Ciceronis
716 2247 995 2296 aeternum
1036 2242 1284 2297 famosus.
1323 2245 1467 2299 Veli.
1507 2245 1778 2298 Patercul.
1824 2230 1901 2304 n,
1935 2246 2005 2296 60

408 2333 468 2383 et
492 2332 576 2381 87.
616 2328 718 2383 Dio
759 2328 819 2381 L.
858 2346 976 2399 pag.
1029 2334 1146 2383 420.
1188 2331 1330 2384 Ptin.
1372 2348 1473 2393 vn,
1500 2334 1585 2384 45.
1622 2331 1899 2385 Plutarch.
1947 2333 2004 2383 in

412 2417 610 2469 Anton.
649 2416 842 2470 Cicero
868 2418 923 2469 in
947 2416 1240 2486 Philippic.

463 2505 524 2558 ln
575 2508 805 2560 nummis
853 2507 1166 2573 appellatur
1215 2506 1293 2559 M.
1344 2507 1571 2560 Aaron.
1612 2506 1691 2559 M.
1730 2522 1781 2559 r.
1821 2504 1901 2558 M.
1942 2520 1998 2558 ιε.

407 2610 533 2652 ⁴uro.
574 2608 695 2645 mr.
734 2608 846 2645 cos.
884 2608 1061 2645 ussto.
1101 2609 1256 2645 lma.
1297 2610 1388 2646 ετ.
1441 2609 1610 2646 wear.
1650 2608 1838 2645 invia.
1879 2608 1999 2645 aro.

405 2679 459 2733 id
482 2686 587 2739 est,
613 2678 831 2732 Marcus
868 2678 1154 2741 Antonius,
1182 2680 1364 2734 Marci
1388 2680 1567 2747 filius,
1608 2678 1790 2735 Marci
1827 2696 2002 2747 nepos,

403 2780 592 2830 augur,
619 2766 923 2832 imperator,
950 2766 1129 2818 consul
1149 2766 1445 2832 designatus
1468 2768 1663 2821 iterum
1686 2773 1734 2819 et
1766 2766 2001 2826 tertium„

402 2852 658 2906 triumvir
683 2853 998 2921 reipublicae
1024 2854 1424 2907 constituendae.

468 3028 556 3077 32.
597 3026 862 3079 Awroms
902 3029 1085 3095 major,
1112 3025 1396 3087 Octaviae,
1433 3027 1665 3095 Augusti
1702 3030 1912 3083 sororis,
1939 3028 1999 3076 et

399 3109 480 3162 M.
520 3113 743 3165 Antonii
771 3114 1040 3166 triumviri
1083 3113 1209 3171 fllia,
1236 3129 1373 3165 uxor
1413 3112 1475 3165 1..
1518 3112 1745 3166 Domitii
1786 3112 2002 3162 Aheno—

402 3198 574 3249 barbi.
646 3200 697 3250 A
745 3198 942 3251 Tacito
995 3200 1228 3251 Antonia
1253 3201 1428 3251 minor
1474 3199 1820 3266 appeliatum
1859 3195 2000 3247 forte

401 3281 694 3340 Antoniam
736 3286 994 3351 majorem
1028 3298 1098 3339 ex
1143 3283 1336 3336 Fulvia
1374 3290 1502 3337 ante
1517 3287 1853 3351 gsuseeperat
1888 3281 1999 3338 Aa·
