2532 4164
1052 300 1208 349 cAr.
1261 281 1381 348 25.
1416 277 1539 348 26.
1734 335 1745 343 .
1988 279 2128 349 139

385 463 449 517 et
473 458 662 530 ipsum
691 456 1041 516 Ciceronem
1068 457 1245 512 credo
1271 454 1473 513 solitos
1516 458 1578 512 et
1618 453 1911 523 invidere,
1946 460 2008 513 et
2032 507 2035 508 γ
2063 457 2132 514 li-

388 575 549 626 vere,
576 562 636 614 et
664 556 877 614 ceteris
906 556 1193 612 humanae
1222 553 1573 612 infirmitatis
1596 553 1756 611 vitiis
1786 555 1992 611 adlici:
2037 571 2129 614 so·

387 659 511 716 lum
537 658 692 715 inter
721 658 825 713 hoa
854 655 1098 712 arbitror
1124 656 1368 712 Brutum
1419 670 1535 710 non
1586 655 1966 727 malignitate,
2017 670 2129 712 nec

385 755 633 823 invidia,
685 757 790 813 sed
848 755 1196 827 simpliciter
1246 762 1309 810 et
1356 753 1631 827 ingenue,
1672 753 1960 826 judicium
2007 753 2129 812 ani-

387 856 471 912 mi
517 855 606 912 sui
660 856 974 912 detexisse.
1021 872 1095 910 an
1143 853 1438 910 invideret
1489 851 1784 915 Ciceroni,
1836 852 1934 926 qui
1984 853 2128 911 mihi

384 953 618 1011 videtur
645 972 719 1010 ne
766 952 1006 1010 Caesari
1035 953 1270 1027 quidem
1298 947 1625 1008 invidisse?
1676 952 1845 1022 Quod
1875 953 1947 1009 ad
1999 953 2127 1009 Ser.

388 1052 640 1109 Galbam
685 1056 744 1109 et
774 1052 843 1109 Ο.
891 1052 1157 1109 Laelium
1189 1055 1420 1116 attinet,
1463 1059 1522 1107 et
1571 1050 1620 1106 si
1669 1067 1810 1123 quoa
1856 1051 2002 1106 alios
2030 1068 2130 1108 an·

385 1150 671 1225 tiquorum
716 1150 935 1225 agitare
982 1168 1100 1207 non
1148 1150 1412 1219 destitit3
1476 1166 1593 1206 non
1640 1149 1827 1223 exigit
1867 1149 2131 1207 defenso-

387 1266 527 1317 rem,
573 1267 710 1307 cum
764 1250 966 1317 fatear,
1020 1251 1304 1323 quaedam
1358 1247 1726 1321 eloquentiae
1781 1265 1998 1315 eorum,
2063 1251 2128 1305 ut

384 1349 653 1407 nascenti
680 1350 889 1414 adhuc,
920 1365 1031 1405 nec
1058 1351 1200 1404 satis
1229 1350 1481 1412 adultae,
1510 1346 1780 1404 defuisse.
2164 1349 2273 1398 ²⁶:57

462 1449 744 1506 Celerum
801 1448 870 1511 si,
897 1449 1114 1504 omisso
1169 1447 1391 1519 optimo
1434 1448 1538 1503 illo
1590 1455 1649 1505 et
1705 1448 2125 1521 perfectissimo
2145 1456 2229 1517 26

382 1564 597 1622 genere
625 1548 1014 1621 eloquentiae,
1044 1547 1316 1620 eligenda
1338 1547 1414 1604 sit
1440 1546 1621 1605 forma
1646 1548 1902 1613 dicendi,
1925 1549 2123 1606 malim

385 1647 619 1704 hercule
647 1647 716 1704 C.
769 1646 1029 1703 Gracchi
1077 1646 1358 1718 inpetum,
1399 1653 1497 1703 aut
1547 1648 1622 1704 L
1670 1648 1866 1705 Crassi
1895 1648 2126 1705 maturi-

384 1750 583 1812 tatem,
627 1762 799 1820 quam
834 1744 1229 1838 salamiam-os
1276 1745 1659 1813 Maecenatisi,
1718 1752 1818 1804 aut
1878 1748 2165 1839 §fuitus

386 1845 696 1904 Gallionis.
760 1841 910 1901 adeo
964 1845 1168 1901 melius
1217 1848 1325 1909 est,
1374 1851 1659 1902 oratorem
1708 1847 1809 1902 vel
1834 1846 1986 1903 hirta
2039 1853 2131 1905 tur

384 1962 459 2021 ga
506 1943 1220 2056 induere‚quamAE1eatls
1263 1948 1323 1999 et
1378 1944 1721 2002 meretriciis
1752 1911 2137 2004 vestibunsin-

381 2043 620 2119 signire.
762 2044 970 2118 Neque
997 2043 1176 2118 ,inim
1231 2043 1511 2101 oratorius
1560 2044 1685 2111 iste,
1747 2042 1942 2112 imme,
1998 2045 2122 2102 her-

381 2146 535 2211 cule,
608 2161 684 2200 ne
741 2142 925 2200 virilis
976 2143 1208 2217 quidem
1262 2146 1452 2200 cultus
1519 2148 1627 2210 est,
1695 2161 1809 2219 quo
1865 2144 2120 2220 plerique

381 2247 704 2315 temporum
756 2249 1075 2299 nostrorum
1128 2247 1353 2300 actores
1401 2243 1484 2300 ita
1532 2249 1784 2309 utuntur,
1839 2249 1900 2301 ut
1956 2244 2121 2301 lasci-

379 2326 478 2401 νῖἰέί
509 2344 834 2405 verborum,
878 2347 937 2398 et
996 2343 1242 2398 levitate
1298 2343 1734 2410 sententiarum,
1764 2350 1823 2400 et
1880 2343 2122 2401 licentia

380 2441 818 2515 compositionis
874 2441 1244 2498 histrionales
1302 2444 1503 2499 modos
1551 2443 1896 2515 exprimant.
1946 2444 2134 2517 quod>m

380 2558 492 2616 que
521 2541 622 2597 vix
653 2542 850 2597 auditu
882 2541 967 2597 faa
1015 2558 1143 2598 esse
1188 2541 1420 2611 debeat,
1464 2542 1649 2599 laudis
1689 2549 1749 2599 et
1790 2544 2009 2617 gloriae
2044 2530 2120 2601 >et

377 2639 604 2714 ingenii
661 2643 791 2696 loco
862 2641 1122 2714 plerique
1200 2640 1443 2708 iactant,
1511 2640 1733 2698 cantari
1806 2640 2120 2718 saltarique

377 2737 797 2796 commentarios
822 2755 972 2796 suos.
1059 2742 1238 2797 Vnde
1279 2741 1459 2797 oritur
1514 2741 1614 2797 illa
1661 2741 1829 2798 foeda
1859 2747 1918 2798 et
1961 2759 2119 2816 prae-

269 2781 626 2851 dmm

377 2846 625 2912 postera,
653 2840 758 2895 sed
802 2846 995 2897 tamen
1045 2840 1328 2914 frequens,
1359 2842 1698 2914 quibusdam
1745 2842 2119 2931 exclamatio,

378 2944 444 2996 ut
523 2944 776 2995 oratores
831 2937 1013 2995 nostri
1077 2946 1275 3007 tenere
1286 2937 1504 3007 dicere,
1569 2937 1885 2997 histriones
1920 2938 2120 3001 diserte

374 3036 604 3104 saltare,
657 3039 944 3096 dicantur.
983 3015 1019 3037 ²
1055 3032 1342 3112 Eqmdem
1402 3056 1517 3095 non
1571 3040 1927 3112 negaverim,
1977 3038 2118 3097 Cas-

374 3137 524 3194 sium
559 3138 863 3202 Severum,
912 3154 1084 3211 quem
1110 3138 1297 3194 solum
1361 3141 1520 3210 Aper
1573 3144 1769 3194 noster
1819 3137 2118 3195 nominare

373 3253 545 3294 ausus
602 3242 709 3301 est,
764 3238 813 3294 si
869 3236 961 3293 his
1007 3246 1390 3310 comparetur,
1464 3238 1560 3311 qui
1618 3243 1815 3308 postea
1871 3237 2119 3305 fuerunt,

373 3353 544 3408 posse
592 3339 879 3392 oratorem
923 3336 1141 3402 vocari,
1190 3352 1533 3408 quamquam
1580 3336 1648 3391 ,in
1705 3352 1913 3409 magna
1957 3341 2119 3406 parte

371 3434 650 3493 librorum
699 3452 926 3492 suorum
981 3438 1105 3507 plus
1148 3436 1239 3492 vis
1294 3436 1524 3500 babeat,
1576 3452 1745 3508 quam
1800 3436 2115 3509 sanguinis.

372 3531 600 3592 Primus
628 3533 808 3605 enim,
866 3540 1205 3610 contempto
1244 3535 1453 3594 ordine
1499 3552 1706 3603 rerum,
1731 3535 1946 3592 omissa
1999 3553 2117 3595 mo-
