2532 4164
1070 246 1234 313 aar.
1288 240 1358 312 8.
1411 240 1481 314 9.
1993 236 2131 342 ,63

383 416 755 493 ”Aquitaniae
777 419 1129 492 praeposuit,
1167 416 1511 493 splendidae
1560 417 1625 477 in
1655 418 1855 493 primia
1884 414 2135 494 diguita-

398 516 1044 584 tia-administratione
1095 536 1166 577 ac
1208 536 1315 593 spe
1345 519 1717 584 Consulatus,
1743 518 1840 575 cui
1882 520 2135 576 destina-

396 622 504 675 rat.
588 617 851 676 Credunt
899 617 1177 692 plerique,
1205 617 1549 676 militaribus
1598 616 1850 691 ingeniis
1904 616 2127 676 subtili-

398 716 580 771 tatem
631 716 872 783 deessem
915 715 1048 790 quia
1104 717 1417 775 castrensis
1471 714 1798 774 iurisdictio
1839 733 2046 776 secura
2073 720 2137 775 et

396 815 673 881 obtusior,
713 832 786 873 ac
813 817 973 887 plura
1003 830 1175 874 manu
1213 833 1414 890 agens,
1466 815 1853 874 calliditatem
1882 816 1987 872 fori
2018 828 2139 873 uon

399 918 694 971 exerceat.
796 916 1100 989 Agricola
1157 916 1408 974 naturali
1484 906 1824 988 prudentia,
1869 910 2137 990 quamvis

388 1009 558 1070 ’iuter
612 1017 857 1086 togatos,
911 1015 1088 1072 facile
1125 1014 1396 1088 iusteque*
1464 1015 1695 1088 agebat.
1816 1015 1943 1072 lam
1996 1031 2140 1072 vero

398 1114 661 1182 tempora
706 1129 972 1170 curarum
1046 1093 1562 1186 remissionumque
1601 1112 1813 1170 divisa.
1858 1114 1955 1171 ubi
2000 1130 2139 1171 cou-

405 1217 617 1266 ventus
646 1228 718 1268 ac
745 1210 966 1271 iudicia
997 1218 1323 1283 poscerent,
1351 1210 1567 1284 gravis,
1600 1209 1877 1277 intentus,
1904 1206 2141 1273 severus

394 1309 460 1363 'et
486 1308 715 1381 saepius
758 1309 1127 1366 misericors:
1169 1309 1271 1367 ubi
1317 1309 1512 1367 officio
1555 1308 1936 1379 satisfactum,
1979 1311 2139 1367 nulla

402 1405 556 1463 ultra
604 1409 904 1476 potestatis
924 1424 1185 1479 persona.
1218 1407 1511 1466 tristitiam
1553 1414 1612 1464 et
1652 1408 2052 1481 adrogantiam
2081 1413 2142 1465 et
2171 1482 2178 1487 η

390 1505 713 1563 ‘avaritiam
769 1511 1048 1565 exuerat:
1105 1524 1216 1564 nec
1272 1506 1380 1574 illi,
1434 1508 1584 1582 quod
1624 1513 1715 1565 est
1764 1507 2132 1576 rarissimum,

388 1609 499 1662 ‘aut
528 1589 783 1663 facilitas
812 1607 1238 1674 auctoritatem,
1281 1613 1381 1664 aut
1419 1607 1707 1666 severitas
1743 1620 2017 1675 amorem,
2044 1606 2143 1666 de·

406 1703 636 1762 minuit.
741 1706 1147 1780 iutegritatem
1192 1713 1367 1780 atque
1411 1706 1823 1764 abstinentiam
1867 1708 1929 1765 iu
1981 1702 2146 1766 tauto

407 1802 542 1861 viro
582 1803 810 1872 referre,
866 1804 1078 1863 iniuria
1133 1804 1413 1863 virtutum
1457 1804 1646 1862 suerit.
1768 1806 1865 1885 Ne
1930 1806 2145 1864 famam

392 1901 660 1976 quidem,
700 1902 1002 1962 caiatiam
1028 1922 1206 1977 saepe
1263 1905 1403 1962 boni
1449 1904 1774 1978 indulgent,
1800 1905 2148 1963 ostentanda

411 2000 649 2069 virtute,
674 2009 776 2059 aut
807 2016 908 2075 per
933 2009 1141 2071 artem,
1169 2003 1499 2078 quaesivit:
1542 2006 1743 2076 procul
1794 2005 1866 2060 ab
1896 2007 2143 2062 aemula·

398 2100 571 2158 ‘tione
622 2103 897 2159 adversus
945 2107 1239 2178 conlegas,
1284 2103 1481 2176 procul
1537 2119 1572 2159 a
1612 2102 1993 2160 contentione
2043 2098 2142 2161 ad·

403 2216 606 2258 versus
663 2201 1088 2260 Procuratores.
1157 2208 1218 2260 et
1257 2202 1495 2259 vincere
1558 2201 1886 2276 inglorium,
1943 2210 2003 2259 et
2054 2208 2144 2260 at-

408 2301 519 2358 teri
567 2301 878 2367 sordidum,
905 2301 1304 2359 arbitrabatur.
1390 2299 1590 2358 Minus
1646 2299 1956 2358 triennium
1980 2300 2042 2359 in
2071 2313 2144 2359 ea

408 2400 738 2475 Legatione
794 2401 1085 2466 detentus,
1113 2418 1183 2457 ac
1237 2389 1438 2457 statini
1486 2400 1559 2456 ad
1588 2415 1750 2471 spem
1793 2399 2144 2459 Consulatus

408 2505 720 2558 revoeatua
749 2507 857 2566 est,
884 2500 1204 2559 comitante
1231 2498 1529 2572 opinione,
1548 2495 1913 2557 Britanniam
1940 2500 1996 2556 ei
2020 2517 2146 2573 pro·

415 2597 677 2657 vinciam
725 2598 886 2656 dari:
961 2598 1134 2656 nullis
1176 2598 1240 2655 iu
1290 2598 1403 2654 hoc
1456 2596 1574 2653 suis
1626 2600 2147 2666 sermonibus‚‘sed

414 2696 550 2774 quia
578 2715 680 2770 par
721 2697 1048 2756 videbatur.
1132 2698 1306 2755 Haud
1333 2712 1561 2768 semper
1614 2703 1767 2754 errat
1819 2697 1991 2766 sama,
2045 2698 2149 2756 ali·

417 2799 648 2873 quaudo
687 2803 749 2855 et
795 2797 992 2872 elegit.
1093 2796 1314 2854 Consul
1343 2792 1613 2869 egregiae
1654 2802 1775 2854 tum
1817 2798 1944 2871 spei
1973 2796 2172 2856 tiliam.

472 2971 740 3032 Provinciae
761 2971 1047 3034 Aquitaniae]
1109 2973 1151 3020 A
1173 2967 1418 3030 Pyrenaei·
1445 2968 1668 3019 montibus
1695 2973 1755 3021 ad
1784 2970 1981 3032 Ligerim
2000 2985 2154 3033 usque,

417 3030 771 3093 protendebatur
790 3031 1049 3092 Aquitania.

480 3109 895 3173 Amasim-utiam]
960 3109 1186 3167 Agricola,
1228 3113 1381 3157 rector
1428 3110 1715 3172 Aquitaniae,
1763 3108 2027 3172 splendidae
2071 3108 2156 3157 fuit

417 3168 658 3228 diguitatis,
679 3169 739 3215 ob
756 3184 942 3240 magnae
969 3169 1230 3239 provinciae
1259 3168 1705 3236 administrationem,
1734 3185 1787 3218 ac
1815 3183 1939 3231 spem
1957 3169 2158 3216 consula-

418 3235 505 3285 tus,
525 3229 643 3275 cuia
663 3228 940 3291 Vespasiano
957 3233 1058 3275 erat
1077 3231 1339 3276 destinatus.

478 3306 668 3369 Consul]
732 3311 865 3356 Auno
885 3307 1023 3354 Urbis
1040 3307 1250 3356 conditae
1280 3322 1511 3356 ucccxxx.
1532 3307 1575 3355 J.
1600 3307 1653 3356 C.
1676 3312 1748 3356 ⁹77.
1799 3321 1859 3354 uo
1876 3306 2159 3353 consulatum

416 3366 560 3413 iniere
578 3366 876 3428 Vespasianus
907 3369 1129 3424 Augustus
1155 3366 1287 3414 vul.
1318 3373 1370 3413 et
1396 3367 1529 3414 Titus
1546 3367 1714 3414 Caesar
1732 3367 1773 3413 V
1804 3401 1814 3412 .
1878 3367 1938 3413 lis
1956 3366 2159 3411 suffectos

415 3425 552 3472 tuisse
569 3425 790 3473 Kalendis
817 3426 929 3473 Julii
959 3426 1265 3474 Domitianum
1296 3426 1537 3473 Caesarem
1557 3425 1640 3472 Vl.
1662 3431 1710 3471 et
1730 3425 1813 3472 Cu.
1836 3424 2005 3471 ,lulium
2027 3422 2159 3484 Agri-

420 3484 566 3532 colam
584 3489 715 3533 notat
732 3485 806 3534 Ol.
828 3485 1076 3546 Muratori,
1095 3484 1273 3534 Ama·
1290 3483 1492 3533 d’Italia.
1555 3484 1687 3533 Tom-
1713 3486 1748 3534 l.
1771 3498 1873 3546 pag.
1891 3486 1992 3532 291.
