2532 4164
928 286 1085 345 car..
1141 267 1479 341 13.-15.
1961 264 2061 333 69
2116 358 2126 375 .

328 418 679 514 redactaque
708 439 1011 510 paullatim
1042 441 1101 497 in
1132 439 1375 497 formam
1405 437 1745 508 provinciae
1797 438 2063 511 proxima

327 556 458 612 pars
490 538 850 595 Britanniae.
879 539 1346 610 additainsuper
1376 544 1779 595 veteranorum
1807 536 2059 595 colonia.

312 639 610 711 ‚quaedam
633 638 909 694 civitates
930 639 1234 711 Cogiduno
1260 637 1408 709 Regi
1435 638 1722 694 donatae:
1745 634 1824 714 (is
1840 638 1916 695 ad
1935 654 2063 694 nos-

331 741 478 792 tram
536 753 712 809 usque
776 737 1113 795 memoriam
1157 737 1465 793 fidissimus
1520 738 1730 794 mansit
1753 732 1797 812 ι)
1861 740 2061 792 vetere

329 850 400 890 ac
442 833 560 891 iam
602 833 821 905 pridem
885 840 1119 906 recepta
1194 835 1400 907 Populi
1466 836 1718 892 Romani
1757 839 2063 891 consuetu·

314 918 487 996 dine,
530 942 593 988 ut
635 933 870 989 haberet
920 924 1301 990 instrumenta
1362 934 1662 991 servitutis
1722 939 1782 990 et
1846 933 2059 1006 Reges.

333 1029 483 1105 Mox·
511 1031 721 1087 Didius
743 1032 949 1091 Gallus
979 1038 1139 1104 parta
1164 1050 1197 1087 a
1228 1032 1510 1104 prioribus
1531 1031 1841 1099 continuit,
1860 1031 2061 1102 paucis

330 1130 636 1187 admodum
677 1131 936 1186 castellis
993 1131 1054 1187 in
1111 1131 1382 1194 ulteriora
1422 1133 1716 1203 promotis,
1773 1150 1874 1204 per
1912 1148 2060 1204 quae
2144 1137 2158 1152 '

331 1228 481 1304 sama
539 1228 695 1285 aucti
755 1229 933 1286 officii
1001 1235 1386 1304 quaereretur.
1472 1229 1713 1286 Didium
1767 1228 2061 1285 Veranius

333 1327 585 1398 excepit,
644 1327 804 1403 isque
863 1328 1014 1385 intra
1069 1345 1287 1385 anuum
1343 1329 1672 1384 exstinctus
1730 1334 1837 1383 est.
1923 1329 2063 1384 Sue·

282 1422 301 1437 “
334 1428 525 1484 tonius
594 1426 733 1483 hinc
802 1424 1105 1484 Paullinus
1168 1427 1407 1484 biennio
1465 1443 1762 1499 prosperas
1818 1443 1909 1483 res
1964 1427 2062 1484 ha-

333 1524 476 1607 buit,
541 1524 797 1581 subactis
862 1522 1215 1592 nationibus,
1293 1525 1644 1600 firmatisque
1712 1523 2061 1597 praesidiisg

333 1639 573 1701 quorum
634 1622 848 1679 fiducia
911 1621 1150 1679 Monam
1211 1622 1481 1690 insulam,
1521 1630 1579 1680 ut
1643 1625 1795 1681 vires
1837 1622 2062 1680 rebelli-

330 1721 435 1779 bus
503 1719 948 1792 ministrantem,
1000 1721 1321 1795 adgressus,
1379 1727 1541 1798 terga
1599 1721 1899 1779 occasioni
1951 1736 2061 1795 'pa-

333 1819 553 1878 tefecit.

372 1980 378 1987 ,
413 1919 683 1995 Namque
727 1921 993 1979 absentia
1049 1920 1261 1995 Legati
1302 1926 1523 1979 remoto
1570 1927 1746 1988 metu,
1790 1920 2059 1979 Britanni
2087 1923 2166 1982 15

334 2017 554 2093 agitare
586 2018 740 2077 inter
775 2037 839 2076 se
867 2022 1018 2077 mala
1061 2020 1377 2086 servitutis,
1418 2021 1684 2077 conferre
1726 2019 1965 2076 iniurias
2004 2023 2067 2075 et

334 2117 774 2191 interpretando
829 2120 1193 2176 accendere:
1251 2125 1269 2152 ‘
1300 2119 1449 2176 nihil
1507 2117 1708 2191 profici
1764 2116 2067 2190 patientia,

332 2215 485 2272 ‘nisi
530 2221 589 2273 ut
645 2217 933 2290 graviora,
976 2225 1265 2291 tamquam
1328 2235 1404 2275 ex
1444 2216 1605 2275 sacili
1668 2214 2071 2283 tolerantibus,

335 2314 746 2387 ‘imperentur.
789 2313 1048 2388 singulos
1100 2315 1215 2373 sibi
1259 2315 1402 2373 'olim
1444 2316 1638 2389 Reges
1676 2314 1871 2383 fuisse,
1907 2330 2069 2372 nune
2123 2309 2138 2330 ’

334 2419 350 2445 ‘
369 2412 536 2469 binos
565 2412 800 2485 inponi:
843 2432 878 2472 e
906 2413 1111 2488 quibus
1151 2414 1408 2491 Legatus
1447 2414 1509 2470 in
1538 2413 1899 2487 sanguinem,
1929 2414 2067 2473 Pro·

335 2520 357 2545 ‘
377 2495 704 2586 curatoria
735 2513 905 2580 bona,
932 2512 1205 2570 saeviret.
1235 2528 1419 2586 aeque
1441 2511 1789 2569 discordiam
1821 2511 2066 2586 Praepo-

331 2615 347 2643 ‘
369 2609 630 2678 sitorum,
712 2627 895 2687 aeque
955 2599 1362 2679 concordiam,
1408 2609 1686 2669 subiectis
1734 2610 2068 2670 exitiosam.

327 2767 522 2810 castrum
550 2764 802 2811 Romanum
830 2764 1104 2826 appellatum
1134 2764 1295 2822 Oyster
1326 2761 1455 2811 Hiu.
1484 2763 1543 2811 ab
1570 2764 1754 2812 Ostorio
1782 2766 1988 2826 Scapula,
2017 2769 2069 2813 ut

330 2822 524 2878 videtur,
573 2823 768 2886 locatum
820 2831 871 2870 et
916 2824 1208 2872 nominatum.
1274 2824 1394 2871 vide
1431 2821 1668 2872 Camaen’s
1704 2824 1969 2884 Britannia,
2011 2826 2070 2885 by

332 2880 516 2938 Gibson,
536 2896 636 2943 pag.
659 2884 759 2932 580.
2073 2885 2078 2893 '

394 2958 714 3007 Veteranorum
742 2962 932 3023 colonia]
993 2962 1140 3022 Supra
1157 2961 1321 3009 Annal.
1352 2960 1459 3008 ΧΗ.
1484 2964 1528 3009 2.
1591 2961 1776 3009 Colonia
1795 2963 2067 3012 Camulodu-

330 3032 459 3078 num,
481 3019 631 3065 valida
649 3025 958 3069 veteranorum
976 3036 1133 3076 manu,
1154 3035 1271 3067 nunc
1289 3021 1547 3067 Colckestcr.

395 3095 578 3166 {donam
600 3097 822 3157 insulam]
889 3100 1020 3146 Nunc
1051 3099 1148 3145 The
1175 3098 1268 3145 Isle
1294 3098 1349 3155 qf
1372 3100 1609 3168 ..ingleseffi
1671 3099 1818 3147 Mona
1846 3114 2069 3170 quoquest

331 3155 457 3202 Juho
475 3157 683 3213 Caesare,
706 3157 821 3204 Bell.
843 3156 966 3204 Gall.
990 3158 1048 3206 V.
1076 3161 1143 3204 13.
1164 3163 1212 3206 et
1231 3173 1259 3203 a
1279 3158 1426 3204 tho
1444 3158 1523 3205 lV.
1544 3162 1611 3205 16.
1675 3158 1889 3217 Manapia
1903 3160 2070 3207 dicitur

332 3214 424 3260 alia
446 3215 604 3269 insula,
628 3216 764 3275 paulo
783 3218 996 3277 superior,
1016 3232 1128 3264 nunc
1148 3216 1277 3263 Man.

391 3292 625 3339 Occami
648 3295 869 3356 patefecit]
931 3295 1171 3341 Suetonius
1209 3296 1453 3351 Paullinus,
1504 3296 1608 3342 dum
1649 3295 1839 3342 Monam
1878 3295 2068 3344 insulam

329 3351 691 3421 aggrediebatur,
723 3355 887 3424 victam
922 3354 1184 3401 Britanniae
1214 3361 1405 3416 partem,
1436 3369 1566 3416 quam
1596 3370 1625 3400 a
1652 3360 1781 3413 tergo
1807 3354 2067 3416 reliquerat,

329 3408 486 3456 subitis
505 3410 677 3457 casibus
695 3414 877 3469 obJecit.

388 3487 530 3540 Nunc
559 3488 684 3538 binos
711 3491 901 3559 imponi]
960 3490 1178 3551 Legatum
1211 3506 1371 3557 nempe
1404 3497 1453 3539 et
1488 3494 1822 3552 procuratorem
1841 3492 2063 3541 Caesaris.
