2532 4164
483 232 621 300 116
679 263 684 270 ·
877 256 971 302 m:
1025 254 1501 318 oRAToamvs,
1540 257 1917 307 mALocvs·

473 411 638 482 pulus
707 415 1069 480 transeuntes
1125 412 1362 468 nomine
1395 419 1586 481 vocat,
1636 419 1698 470 et
1736 414 1923 488 digito
1972 415 2210 474 demon-

468 505 664 565 strat?
737 510 1022 566 Adveuae
1089 528 1313 583 quoque
1394 510 1704 585 peregrini,
1772 513 1890 570 iam
1958 514 2021 571 in
2090 532 2211 573 mu·

467 606 702 678 nicipiis
744 612 802 663 et
855 608 1101 664 coloniis
1158 609 1276 665 suis
1329 612 1576 677 auditos,
1631 629 1765 668 cum
1820 612 2067 686 primum
2123 630 2210 670 ur-

469 706 603 762 bem
629 705 975 780 adtigerunt,
1005 709 1296 782 requirunt
1323 725 1394 765 ac
1430 712 1619 766 vultus
1648 727 1963 784 agnoscere
1992 728 2206 770 concu-

467 805 716 877 piscunt.

407 909 444 966 8
553 905 758 961 Ausim
805 889 1177 969 contendere,
1225 904 1572 963 Marcellum
1621 907 1777 963 hunc
1826 907 2085 979 Eprium,
2128 909 2204 967 de

465 1019 579 1077 quo
608 1004 777 1059 modo
824 1005 1046 1059 locutus
1095 1021 1242 1068 sum,
1283 1010 1342 1061 et
1393 1006 1662 1077 Crispum
1706 1006 1946 1062 Vibium
1996 1004 2206 1082 (liben-

464 1102 578 1159 tius
607 1102 763 1159 enim
791 1103 961 1160 novis
991 1108 1046 1158 et
1091 1105 1441 1171 recentibus,
1492 1121 1661 1177 quam
1710 1107 1943 1161 remotis
1991 1113 2048 1161 et
2104 1107 2203 1163 ob·

462 1199 751 1267 litteratis,
804 1201 1088 1272 exemplis
1119 1200 1272 1278 utor)
1301 1219 1415 1259 non
1467 1202 1655 1259 minus
1686 1208 1848 1259 nosci
1904 1205 1961 1260 in
2013 1211 2201 1261 extre-

461 1300 571 1357 mis
603 1299 853 1372 partibus
882 1307 1175 1367 terrarum,
1226 1318 1399 1374 quam
1444 1302 1701 1373 Capuae,
1750 1307 1847 1357 aut
1878 1302 2196 1365 Vercellis,

460 1398 557 1455 ubi
584 1399 704 1455 nati
725 1398 1009 1454 dicuntur.
1037 1415 1145 1454 nec
1165 1398 1275 1454 hoc
1298 1399 1411 1455 illis
1428 1402 1635 1457 saltem
1660 1408 1747 1457 ter
1766 1400 1977 1456 millies
1998 1408 2202 1456 sester-

460 1497 604 1554 tium
634 1504 883 1570 praestat
910 1493 1279 1572 (quamquam
1308 1499 1380 1554 ad
1425 1499 1528 1555 has
1567 1499 1721 1571 ipsas
1766 1516 1907 1571 opes
1964 1502 2200 1571 possunt

461 1596 649 1653 videri
697 1595 1061 1670 eloquentiae
1113 1596 1398 1653 beneficio
1444 1596 1703 1674 venisse)
1748 1597 1871 1669 ipsa
1922 1599 2194 1671 eloquen-

459 1693 577 1762 tia3
617 1695 781 1751 cuius
823 1711 1036 1752 numen
1080 1700 1136 1750 et
1184 1695 1456 1752 coelestis
1491 1695 1578 1752 vis
1609 1699 1788 1752 multa
1816 1695 2048 1770 quidem
2077 1712 2197 1753 om·

457 1793 628 1852 nibus
672 1793 921 1849 saeculis
970 1795 1239 1864 exempla
1298 1793 1500 1862 edidit,
1557 1796 1629 1850 ad
1685 1800 1958 1868 quantam
2017 1811 2193 1870 usque

455 1892 740 1950 fortunam
770 1892 1032 1949 homines
1076 1891 1297 1965 ingenii
1346 1892 1562 1949 viribus
1593 1893 1983 1965 pervenerint.
2069 1893 2191 1950 Sed

441 1993 624 2061 ¹hacc,
680 1998 740 2049 ut
792 2008 963 2063 supra
1028 1989 1172 2056 dixi,
1241 1991 1486 2063 propria,
1540 1997 1601 2048 et
1654 2008 1799 2065 quae
1857 2010 1976 2048 non
2033 1991 2192 2048 audi-

455 2098 517 2152 tu
590 2092 1013 2168 cognoscenda,
1071 2091 1172 2147 sed
1242 2090 1428 2146 oculis
1501 2092 1821 2163 spectanda
1893 2091 2190 2171 habemus.

453 2192 631 2257 Nam,
683 2207 796 2265 quo
847 2189 1129 2249 sordidius
1184 2193 1244 2244 et
1316 2188 1598 2245 abiectius
1655 2189 1776 2246 nati
1831 2196 1983 2256 sunt,
2050 2206 2189 2263 quo-

452 2307 564 2364 que
619 2264 927 2367 notabilior
1002 2293 1306 2360 paupertas
1361 2292 1420 2343 et
1474 2287 1743 2361 angustia
1818 2304 2005 2343 rerum
2060 2304 2187 2344 nas-

451 2392 654 2445 centes
683 2403 784 2443 eos
823 2386 1380 2452 ‚circumsteterunt3
1450 2400 1522 2441 eo
1570 2385 1835 2450 clariora,
1884 2394 1941 2441 et
1989 2387 2060 2442 ad
2090 2387 2191 2443 de-

449 2486 879 2543 monstrandam
932 2482 1213 2539 oratoriae
1288 2483 1656 2558 eloquentiae
1729 2483 2041 2541 utilitatem
2095 2484 2182 2541 in-

437 2585 711 2657 'lustriora
757 2584 1031 2654 exempla
1092 2587 1268 2650 sunt3
1309 2584 1461 2656 quod
1499 2583 1625 2638 sine
1669 2583 2179 2640 commendatione

446 2684 746 2749 natalium,
798 2682 927 2739 sine
982 2681 1305 2737 substantia
1358 2680 1714 2746 facultatum,
1755 2688 1957 2737 neuter
2012 2680 2179 2738 mori·

446 2785 548 2840 bus
576 2781 856 2855 egregius,
884 2783 1030 2837 alter
1085 2779 1283 2836 habitu
1328 2797 1552 2854 quoque
1590 2779 1845 2851 corporis
1874 2786 2171 2853 contemp·

444 2885 556 2949 tus,
612 2898 712 2954 per
757 2883 962 2937 multos
1010 2878 1126 2936 iam
1168 2896 1353 2936 annos
1401 2877 1790 2952 potentissimi
1835 2885 1966 2934 sunt
2032 2877 2177 2934 civi·

443 2980 599 3049 tatis,
653 2996 742 3048 ac,
795 2981 985 3037 donec
1040 2977 1228 3043 libuit,
1283 2963 1575 3050 principes
1632 2977 1758 3045 sori,
1813 2994 1969 3034 nunc
2024 2978 2175 3050 prin-

500 3137 565 3185 Ee
579 3136 720 3195 digito
737 3132 1023 3193 demonstrat]
1077 3132 1185 3179 lude
1205 3130 1399 3187 Persius,
1420 3133 1458 3190 1,
1477 3133 1550 3179 28.

673 3217 737 3262 At
765 3213 1009 3269 pulchrum
1027 3215 1089 3258 est
1104 3212 1245 3270 digito
1263 3210 1518 3266 numerari,
1539 3215 1579 3256 d
1597 3209 1755 3269 dicier,
1773 3209 1845 3257 hic
1863 3217 1942 3257 est.

496 3294 588 3342 Eos
624 3291 1023 3350 circumsteterunt]
1087 3290 1244 3336 Minus
1280 3290 1447 3337 Latine
1491 3288 1676 3346 dictum,
1727 3296 1776 3336 ut
1815 3294 1862 3334 et
1899 3303 2000 3334 mox
2035 3287 2172 3345 illud,

435 3355 680 3402 substantia
693 3353 988 3408 facultatum.
1053 3349 1172 3396 Em.
1235 3351 1302 3397 At
1334 3349 1429 3396 Cic.
1464 3347 1560 3407 ipse
1591 3348 1705 3394 Phil.
1739 3347 1801 3404 X,
1837 3350 1902 3395 lo.
1924 3346 2072 3392 omnia
2090 3361 2172 3392 ms

420 3415 529 3472 fata
545 3412 845 3458 circumstant.
864 3416 913 3454 et
931 3408 1045 3455 Plin.
1066 3422 1225 3469 paneg.
1248 3424 1288 3454 c.
1309 3411 1353 3455 3.
1414 3406 1542 3453 Haec
1558 3421 1629 3454 ms
1646 3421 1774 3467 cura,
1791 3407 1895 3454 Ιιαεε
1913 3406 2169 3465 difficultas,

434 3474 525 3521 sola
545 3471 811 3518 circumstat.
873 3467 994 3515 Vide
1010 3473 1056 3515 et
1085 3481 1217 3529 supra
1237 3467 1300 3515 H.
1321 3471 1366 3526 ⁴,
1385 3470 1457 3515 79.
