2532 4164
1074 324 1231 372 cn.
1285 307 1354 373 2.
1405 309 1472 374 3.
1949 303 2081 380 111

347 475 615 551 quamvis
665 476 921 552 maligne
970 478 1229 555 plerique
1277 481 1672 554 opinarentur,
1712 501 1825 541 nec
1872 485 2092 544 Secun-

347 575 426 633 do
495 583 817 649 promptum
876 593 1003 635 esse
1070 597 1416 648 sermonem,
1483 587 1544 639 et
1590 584 1811 655 Aprum
1854 584 2094 658 ingenio

352 674 542 748 potius
587 681 649 732 et
689 677 754 733 vi
811 684 1067 746 naturae,
1111 697 1282 755 quam
1331 681 1699 739 institutione
1758 690 1819 740 et
1868 684 2093 751 litteris,

349 773 562 831 samam
603 772 974 850 eloquentiae
1014 785 1414 836 consecutum.
1498 781 1653 837 Nam
1704 787 1763 839 et
1822 783 2098 839 Secundo

358 891 530 947 purus
588 880 648 932 et
715 893 963 949 pressus,
1005 884 1083 945 et,
1127 878 1185 935 in
1228 884 1505 953 quantum
1561 881 1703 937 satis
1766 888 1906 947 erat,
1964 895 2097 954 ¹pro·

356 972 540 1030 fluens
595 992 785 1032 sermo
826 994 942 1032 non
983 977 1207 1035 defuit:
1249 984 1310 1035 et
1343 980 1523 1052 Aper,
1563 980 1857 1038 communi
1911 983 2098 1037 erudi-

356 1072 517 1129 tione
584 1073 835 1141 inbutus,
904 1079 1318 1133 contemnebat
1385 1077 1573 1150 potius
1643 1079 1857 1146 literas,
1925 1097 2095 1154 quam

359 1171 677 1239 nesciebat,
719 1180 1011 1248 tamquam
1057 1176 1334 1232 maiorem
1368 1176 1690 1233 industriae
1758 1183 1817 1234 et
1886 1179 2097 1235 laboris

359 1269 601 1343 gloriam
675 1271 987 1337 habiturus,
1028 1276 1077 1330 si
1120 1273 1417 1347 ingenium
1468 1274 1591 1331 eius
1655 1275 1829 1332 nullis
1884 1277 2098 1333 aliena·

363 1386 485 1425 rum
515 1371 720 1427 artium
750 1372 1120 1429 adminiculis
1150 1372 1324 1429 inniti
1356 1374 1663 1431 videretur.

441 1469 644 1542 Igitur,
678 1475 739 1527 ut
767 1471 1107 1529 intravimus
1136 1473 1468 1531 cubiculum
1501 1473 1773 1542 Materni,
1796 1476 2097 1532 sedentem
2121 1482 2162 1540 3

360 1569 568 1642 ipsum,
597 1574 675 1635 et,
703 1588 885 1645 ssquem
923 1572 1106 1644 pridie
1149 1572 1517 1642 recitaverat,
1550 1573 1756 1631 librum
1803 1574 1955 1631 intra
1984 1591 2099 1632 ma-

362 1686 471 1727 nus
525 1671 856 1737 habentem,
883 1672 1387 1743 deprehendimus.

483 1767 1056 1827 Tum·Secundus:
1129 1772 1311 1829 Nilne
1393 1778 1469 1839 te,
1536 1772 1743 1846 inquit,
1813 1772 2100 1843 Materne,

364 1868 593 1926 fabulae
662 1870 1043 1942 malignorum
1115 1876 1350 1936 terrent,
1417 1888 1532 1945 quo
1596 1871 1786 1927 minus
1853 1873 2101 1928 offensas

370 1969 614 2026 Catonis
643 1969 726 2025 tui
749 1966 957 2027 ames?
1004 1970 1100 2026 Au
1145 1970 1279 2027 ideo
1309 1971 1513 2028 librum
1562 1970 1737 2026 istum
1787 1972 2104 2042 adprehen-

368 2069 525 2132 disti,
582 2075 640 2126 ut
687 2067 1027 2142 diligentius
1068 2065 1428 2137 retractares,
1469 2074 1528 2126 et
1570 2069 1829 2135 sublatis,
1870 2069 1918 2125 si
1959 2088 2107 2142 quae

369 2184 610 2242 pravam
652 2168 1069 2241 interpretandi
1122 2172 1422 2226 materiam
1465 2166 1767 2234 dederunt,
1808 2169 2106 2225 emitteres

373 2269 676 2337 Catonem,
722 2285 836 2325 non
892 2269 1123 2343 quidem
1166 2270 1484 2336 meliorem,
1524 2269 1626 2324 sed
1688 2272 1883 2324 tamen
1945 2276 2106 2325 sec'u-

372 2365 628 2425 riorem?

480 2467 641 2525 Tum
700 2466 824 2534 ille,
881 2466 1073 2540 Leges
1135 2472 1214 2532 tu,
1284 2467 1418 2541 quid
1479 2467 1779 2524 Maternus
1839 2466 1953 2523 sibi
2011 2467 2107 2523 de·

371 2567 580 2634 buerit,
621 2575 678 2622 et
723 2582 1024 2640 agnosces,
1069 2584 1214 2640 quae
1260 2566 1488 2621 audisti.
1531 2568 1680 2639 quod
1724 2565 1774 2623 si
1817 2584 1929 2640 qua
1968 2566 2107 2622 omi-

373 2659 452 2723 sit
480 2666 650 2730 Cain,
678 2664 943 2739 sequenti
974 2664 1317 2721 recitatione
1343 2665 1643 2738 Thyestes
1672 2665 1848 2721 dicet.
1936 2666 2108 2721 Hanc

377 2767 533 2824 enim
563 2765 916 2839 tragoediam
965 2748 1220 2837 disposui
1249 2764 1365 2820 iam
1414 2770 1474 2819 et
1525 2763 1671 2819 intra
1713 2781 1803 2820 me
1852 2764 1976 2837 ipse
2004 2764 2110 2821 sor·

379 2865 557 2922 mavi.
664 2867 860 2939 Atque
914 2863 1050 2920 ideo
1098 2870 1383 2920 maturare
1432 2862 1563 2919 libri
1595 2863 1761 2919 huius
1790 2864 2110 2921 editionem

327 2962 606 3030 'testium
669 2972 727 3020 ut
781 2962 1020 3019 dimissa
1076 2963 1266 3034 priore
1321 2979 1475 3030 cura,
1525 2979 1716 3019 novae
1771 2961 2113 3035 cogitationi

378 3069 502 3121 toto
533 3070 764 3136 pectore
791 3062 1142 3119 incumbam.

504 3162 673 3220 Adeo
728 3169 785 3218 te
841 3160 1172 3234 tragoediae
1241 3161 1386 3217 istae
1445 3178 1559 3217 non
1618 3160 1851 3225 satiant,
1926 3158 2117 3233 inquit.

381 3261 562 3333 Aper,
617 3276 729 3335 quo
770 3262 976 3325 minus,
1015 3260 1241 3316 omissis
1281 3250 1620 3316 'orationum
1670 3267 1729 3314 et
1783 3275 2114 3316 caussarum

379 3362 601 3428 studiis,
663 3380 834 3418 omne
898 3367 1122 3433 tempus
1188 3362 1358 3416 modo
1418 3360 1572 3416 circa
1639 3357 1930 3420 Medeam,
1973 3377 2116 3416 ecce

323 3536 350 3541 ··
438 3488 561 3573 Aper
580 3516 805 3563 communi
835 3514 1083 3562 eruditione
1111 3515 1328 3575 imbutus]
1390 3512 1648 3560 Communis
1668 3511 1862 3558 eruditio
1879 3513 2044 3561 dicitur
2063 3514 2121 3561 de

376 3575 635 3636 disciplinis,
657 3577 817 3638 quibus
835 3576 1046 3620 liberales
1068 3574 1265 3620 homines
1287 3575 1421 3631 vulgo
1444 3572 1765 3618 imbuebantur.
1831 3572 1951 3620 Em.

449 3653 682 3717 nyma}
740 3655 948 3703 Alterum
966 3658 1016 3701 et
1030 3659 1187 3702 notum
1206 3651 1464 3715 tragoediae
1481 3657 1804 3710 argumentum.
