2532 4164
1623 196 1649 210 t

495 237 592 307 96
1013 256 1187 304 1vmt
1241 254 1496 303 Acme.
1561 254 1738 303 vrrs
1771 271 1777 277 ·

494 413 812 488 Agricolae
840 412 1137 476 destinari,
1173 428 1415 467 vacuam
1473 415 1592 466 tum
1639 413 1823 465 morte
1855 405 2031 465 Atilii
2080 407 2233 477 Rufi,

494 513 851 574 Consularis,
920 521 976 568 et
1049 512 1358 567 maioribus
1431 517 1802 566 reservatam.
1916 509 2235 566 Credidere

492 614 772 686 plerique,
805 613 1068 667 libertum
1100 630 1171 665 ex
1199 609 1602 665 secretioribus
1632 608 1969 665 ministeriis
1998 610 2237 665 missum

494 713 566 769 ad
626 712 981 783 Agricolam,
1036 711 1362 773 codicillos,
1419 708 1621 780 quibus
1672 708 1728 763 ei
1774 708 1944 780 Syria
1974 708 2237 775 dabatur,

496 811 713 876 tulisse,
769 828 900 866 cum
961 816 1289 881 praecepto.
1347 818 1430 870 ut,
1486 809 1536 862 si
1587 808 1645 863 in
1709 806 2013 863 Britannia
2068 805 2234 873 soret,

495 911 892 965 traderentur:
945 925 1188 981 eumque
1241 907 1506 963 libertum
1543 897 1619 961 'in
1672 907 1799 975 ipsu
1828 906 1973 960 freto
2004 904 2233 961 Oceani

495 1009 735 1065 obvium
795 1007 1121 1080 Agricolae,
1153 1025 1225 1062 ne
1277 1008 1573 1078 adpelluto
1620 1006 1853 1078 quidem
1893 1022 1983 1071 e0,
2012 1006 2083 1059 ad
2116 1005 2234 1059 Do-

497 1107 800 1164 mitianum
833 1123 1150 1162 remeasse:
1193 1105 1323 1161 sive
1354 1123 1553 1160 verum
1597 1105 1769 1169 istud,
1806 1104 1936 1159 sive
1966 1121 2041 1159 ex
2074 1103 2231 1176 inge·

495 1206 597 1264 nio
631 1206 1145 1277 Principis'fietum
1191 1222 1263 1261 ac
1306 1205 1691 1274 compositum
1757 1211 1863 1259 est.
1951 1202 2234 1258 Tradide-

496 1310 582 1362 rat
623 1304 885 1364 ,interim
959 1304 1235 1376 Agricola
1306 1302 1630 1359 successori
1694 1320 1798 1358 suo
1868 1300 2234 1373 provinciam

495 1405 747 1479 quietam
780 1411 1090 1476 tutamque.
1183 1406 1291 1466 Ac,
1335 1423 1410 1459 ne
1468 1401 1738 1459 notabilis
1787 1400 2127 1458 celebritate
2169 1402 2232 1455 et

495 1502 817 1575 frequentia
872 1502 1297 1558 occurrentium
1348 1503 1613 1558 introitus
1662 1508 1830 1569 esset,
1878 1501 2064 1556 vitato
2091 1497 2233 1554 ami·

496 1613 693 1654 corum
735 1596 945 1659 offici0,
993 1606 1166 1653 noctu
1219 1597 1277 1653 in
1338 1600 1552 1662 urbem,
1596 1603 1769 1652 noctu
1812 1596 1873 1651 in
1935 1594 2235 1667 palatium,

494 1694 578 1751 ita
633 1702 694 1751 ut
736 1703 1104 1767 praeceptum
1160 1703 1302 1760 erat,
1348 1697 1542 1752 venit:
1606 1705 2000 1767 exceptusque
2066 1692 2232 1749 brevi

491 1796 712 1859 osculo,
778 1802 837 1851 et
894 1798 1052 1851 nullo
1101 1812 1395 1874 sermone,
1452 1779 1650 1851 turbae
1692 1794 2074 1850 servientium
2144 1794 2230 1849 in·

495 1895 716 1951 mixtus
756 1901 863 1950 est.
948 1895 1241 1960 Ceterum,
1311 1901 1367 1949 ut
1430 1894 1676 1949 militare
1762 1911 1988 1959 nomen,
2051 1908 2230 1964 grave

495 1992 651 2050 inter
711 1994 946 2059 otiosos,
1025 1987 1156 2049 aliis
1240 1994 1546 2050 virtutibus
1630 1999 1994 2062 temperaret,
2044 1996 2229 2046 ·tran-

497 2093 845 2168 quillitatem
895 2100 1063 2167 atque
1118 2093 1298 2148 otium
1345 2095 1572 2164 penitus
1628 2092 1806 2159 auxit,
1850 2093 2009 2146 cultu
2052 2077 2232 2146 modi·

496 2209 619 2257 cus,
659 2211 922 2249 sermone
981 2193 1187 2255 facilis,
1249 2208 1364 2246 uno
1419 2198 1514 2247 aut
1558 2195 1740 2247 altero
1780 2192 2095 2247 amicorum
2135 2196 2232 2246 c'o-

496 2291 773 2349 mitatus:
845 2294 992 2347 adeo
1036 2300 1093 2347 ut
1153 2292 1429 2364 plerique,
1495 2291 1700 2365 quibus
1768 2308 2006 2364 magnos
2078 2290 2233 2345 viros

498 2409 602 2464 per
662 2391 1038 2446 ambitionem
1097 2388 1406 2445 aestimare
1471 2408 1591 2445 mos
1655 2399 1761 2452 est,
1829 2388 1955 2444 viso
1994 2390 2232 2460 adspec-

498 2493 669 2563 toque
718 2490 1013 2563 Agricola,
1067 2496 1409 2568 quaererent
1450 2489 1676 2557 famam,
1742 2478 1915 2561 pauci
1957 2488 2232 2560 interpre-

498 2595 774 2645 tarentur.

403 2666 414 2709 ὲ

2078 2712 2112 2732 Ι

553 2761 811 2819 Major-ibus
825 2762 1108 2822 reservatam]
1176 2762 1494 2808 illustrioribus
1513 2761 1815 2808 consularibus
1835 2763 2121 2807 reservatam.

551 2840 685 2887 Freto
704 2842 888 2902 Oceani]
951 2842 1135 2888 Fretum
1156 2842 1265 2887 illud
1287 2857 1398 2888 nunc
1419 2843 1605 2888 dicimus
1643 2841 1804 2887 Seraits
1822 2841 1876 2899 <ff
1889 2839 2050 2885 Daver.

553 2920 849 2976 compositum
861 2921 939 2981 est]
1004 2922 1108 2966 Sive
1127 2923 1245 2968 istud
1265 2937 1417 2967 verum
1439 2929 1520 2973 est,
1543 2922 1635 2966 sive
1652 2925 1758 2980 apte
1774 2935 1826 2966 ac
1841 2919 2157 2965 convenienter
2173 2917 2231 2964 ad

493 2979 706 3039 Principis
727 2980 945 3037 ingenium
968 2996 994 3025 a
1009 2982 1177 3041 populo
1195 2984 1426 3026 confictum
1447 2989 1491 3025 et
1508 2981 1815 3039 compositum.

550 3057 798 3103 Successori
814 3060 909 3119 suo]
973 3061 1203 3105 Successor
1236 3060 1475 3114 Agricolae
1508 3060 1685 3104 videtur
1721 3059 1853 3103 fuisse
1889 3056 2122 3103 Sallustius
2144 3056 2233 3101 Lu-

459 3118 646 3165 .cullus.
669 3119 834 3178 dequo
862 3119 1043 3164 Sueton.
1078 3119 1119 3164 in
1159 3113 1329 3166 Domi't.
1364 3119 1420 3173 X,
1491 3120 1768 3165 Domitianus
1805 3116 2024 3162 interemit
2058 3115 2231 3161 Sallus·

490 3178 604 3222 tium
636 3175 901 3232 Lurullnm,
935 3178 1201 3225 Britanniae
1228 3180 1438 3236 legatum,
1458 3178 1574 3236 quod
1605 3181 1775 3223 lanceas
1803 3192 1936 3222 novae
1958 3178 2141 3233 formae
2157 3188 2235 3230 ap-

486 3236 651 3293 pellan·
668 3234 907 3281 lmcullens
923 3252 1075 3294 passus
1093 3243 1211 3283 esset.

551 3314 648 3365 Per
686 3316 983 3373 ambitionem]
1052 3317 1119 3362 Ex
1142 3317 1261 3361 vitae
1281 3316 1516 3377 splendore
1534 3322 1576 3360 et
1599 3330 1832 3361 numeroso
1850 3314 2077 3360 comitatu.

461 3450 468 3459 .
551 3393 701 3440 Paua·
726 3396 1146 3456 interpretarentur]
1211 3396 1405 3440 Tantam
1441 3396 1485 3440 in
1521 3401 1648 3440 tanta
1668 3396 1883 3440 modestia
1914 3395 2076 3439 t'amam
2097 3404 2232 3452 quae-

490 3452 662 3501 rebant.
726 3455 863 3502 Pauci
883 3455 1128 3502 modestiae
1147 3469 1302 3502 causas
1321 3455 1746 3515 interpretabantur.
