2532 4164
1095 285 1253 335 car.
1307 265 1426 336 46.
2015 268 2106 337 51

374 441 645 509 scribam,
710 438 950 499 dubito:
990 458 1338 517 quamquam
1388 439 1657 510 Peucini,
1696 457 1838 518 quos
1878 441 2118 518 quidam

377 542 692 601 Bastarnas
725 546 964 608 vocant,
1004 559 1295 609 sermone,
1332 544 1514 610 cultu,
1555 542 1695 599 sede
1750 559 1821 599 ac
1875 541 2118 599 domici-

378 641 495 707 liis,
551 650 615 699 ut
665 640 948 699 Germani
1004 648 1204 715 agunt.
1245 642 1444 699 sordes
1496 641 1755 699 omnium
1809 656 1880 698 ac
1927 647 2120 713 torpor

375 756 724 814 procerum:
766 740 1077 797 connubiis
1144 739 1368 805 mixtis,
1409 739 1678 797 nonnihil
1720 739 1782 797 in
1829 744 2119 797 Sarmata-

374 855 501 897 rum
542 839 805 897 habitum
852 839 1176 896 foedantur.
1260 840 1500 897 Venedi
1551 842 1795 897 multum
1822 857 1901 897 ex
1951 838 2121 897 mori·

378 938 487 997 bus
528 944 851 996 traxerunt.
937 939 1091 996 Nam
1133 937 1408 1014 quicquid
1450 940 1604 996 inter
1645 938 1936 997 Peucinos
1967 938 2121 996 Fen-

381 1054 602 1111 nosque
643 1037 924 1095 silvarum
953 1055 1025 1096 ac
1054 1038 1336 1095 montium
1378 1037 1634 1111 erigitur,
1677 1037 1998 1095 latrociniis
2027 1055 2124 1110 pe-

384 1141 625 1194 rerrant.
665 1137 731 1194 hi
796 1142 994 1194 tamen
1060 1137 1215 1193 inter
1255 1136 1583 1193 Germanos
1625 1135 1815 1207 potius
1874 1136 2123 1193 referun-

358 1240 489 1303 tur,
531 1235 663 1311 quia
734 1243 792 1293 et
833 1238 1036 1293 domos
1106 1237 1330 1310 fingunt
1398 1242 1457 1292 et
1524 1242 1689 1292 scuta
1752 1239 2001 1308 gestant,
2063 1240 2125 1292 et

383 1337 596 1410 pedum
663 1353 767 1392 usu
836 1352 907 1392 ac
970 1335 1320 1408 pernicitate
1386 1335 1684 1408 gaudent3
1741 1351 1889 1407 quae
1929 1333 2125 1390 omnia

379 1433 618 1492 diversa
661 1433 942 1491 Sarmatis
983 1441 1137 1500 sunt,
1177 1434 1240 1490 in
1286 1436 1539 1506 plaustro
1578 1452 1837 1509 equoque
1868 1432 2124 1491 viventi-

382 1534 510 1591 bus.
622 1534 848 1591 Fennis
890 1533 1033 1591 mira
1103 1533 1325 1602 feritas,
1387 1534 1557 1593 foeda
1620 1538 1963 1607 paupertas:
2004 1551 2125 1592 non

382 1650 565 1698 arma,
623 1651 737 1690 non
779 1629 936 1708 equi,
979 1651 1096 1690 non
1143 1634 1435 1691 Penates:
1482 1633 1676 1692 victui·
1710 1635 1907 1701 herba,
1950 1633 2127 1690 vesti·

339 1719 345 1723 ’
384 1733 469 1791 tui
497 1735 700 1806 pelles,
740 1732 935 1789 cubile
976 1733 1199 1790 humus.
1242 1736 1368 1791 sola
1407 1732 1470 1790 in
1509 1733 1737 1807 sagittis
1776 1751 1926 1807 spes,
1966 1750 2127 1808 quas,

338 1831 584 1904 'inopia
625 1833 779 1897 ferri,
845 1831 1071 1888 ossibus
1111 1838 1402 1905 asperant.
1527 1834 1805 1906 idemque
1873 1838 2127 1888 venatus

391 1931 548 1987 viros
591 1931 806 2004 pariter
846 1946 916 1986 ac
960 1930 1207 2009 feminas
1233 1932 1361 1987 alit.
1485 1931 1711 1988 Passim
1752 1930 1908 1988 enim
1950 1929 2129 1988 comi-

383 2036 599 2096 tantur,
642 2039 977 2104 partemque
1033 2031 1284 2103 praedae
1340 2035 1563 2103 petunt.
1669 2029 1802 2085 Nec
1844 2029 2002 2085 aliud
2043 2028 2129 2086 in·

379 2130 641 2188 rantibus
710 2129 957 2188 ferarum
1022 2129 1406 2203 imbriumque
1454 2127 1782 2202 suffugium,
1840 2144 2012 2201 quam
2067 2132 2131 2184 ut

386 2228 451 2287 in
493 2230 689 2303 aliquo
731 2246 1015 2286 ramorum
1059 2246 1214 2286 nexu
1263 2235 1668 2303 contegantur.
1732 2228 1845 2286 huc
1887 2227 2131 2284 redeunt

385 2329 661 2392 iuvenes,
713 2329 825 2385 hoc
878 2345 1085 2384 senum
1138 2330 1591 2401 receptaculum.
1715 2327 1833 2383 Sed
1902 2326 2129 2384 beatius

384 2429 755 2491 arbitrantur,
774 2444 943 2501 quam
976 2426 1271 2504 ingemere
1299 2427 1471 2501 agris,
1499 2426 1825 2486 inlaborare
1839 2426 2130 2495 domibus,

360 2537 520 2585 ‘suas
562 2526 902 2600 alienasque
943 2526 1199 2582 fortunas
1241 2544 1343 2599 spe
1373 2531 1645 2599 metuque
1687 2543 1941 2583 versare.
2026 2526 2129 2583 Se-

387 2621 519 2685 curi
565 2627 844 2683 adversus
905 2626 1194 2690 homines,
1233 2626 1424 2683 securi
1480 2626 1757 2682 adversus
1799 2625 1981 2692 Deos,
2009 2642 2132 2683 rem

389 2725 797 2784 difficillimam
837 2724 1098 2782 adsecuti
1140 2729 1295 2791 sunt,
1337 2730 1400 2781 ut
1427 2724 1546 2782 illis
1589 2741 1664 2781 ne
1714 2729 1857 2781 voto
1896 2724 2147 2798 quidem.

384 2842 540 2899 opus
577 2828 753 2881 esset.
836 2823 1051 2881 Cetera
1078 2822 1197 2881 iam
1238 2823 1533 2881 fabulosa:
1563 2820 1851 2880 Hellusios
1878 2829 1929 2880 et
1965 2821 2139 2879 Oxio-

386 2941 495 2983 nas
560 2940 667 2983 ora
722 2920 1010 2980 Frontinum
1074 2921 1383 2999 vultusque,
1451 2938 1689 3001 corpora
1740 2928 1908 3001 atque
1974 2930 2139 2981 anus

390 3088 510 3134 nitra
526 3086 755 3134 vistulam
776 3089 877 3133 erat
909 3086 1151 3134 Sarmatia.
1215 3084 1398 3133 Peucini
1428 3088 1598 3143 tamen,
1626 3083 1893 3147 Venediqne
1923 3087 1973 3132 et
1992 3082 2140 3131 Penni

389 3146 689 3193 Germanicae
705 3146 890 3205 originis
907 3159 1005 3192 esse
1024 3145 1310 3203 videbantur,
1330 3146 1469 3207 quod,
1491 3144 1598 3191 licet
1616 3144 1663 3192 in
1683 3143 1908 3192 Sarmatia
1937 3143 2089 3205 positi,
2108 3158 2141 3190 a

390 3205 695 3254 Sarmatarum
715 3206 910 3253 moribus
923 3206 1229 3252 deflecterent.

350 3341 357 3346 ι
447 3284 639 3346 Fennis]
704 3285 871 3332 Eorum
892 3283 1017 3343 regio
1047 3298 1075 3329 a
1098 3282 1258 3338 Plinio,
1286 3283 1366 3331 lv,
1400 3286 1469 3332 13.
1494 3281 1673 3341 dicitur,
1709 3281 1933 3340 Em’neia.
1993 3280 2139 3330 Forte

388 3344 547 3391 melius
565 3345 788 3403 legeretur
807 3342 1046 3401 Fmingia.
1111 3343 1263 3389 Hodie
1284 3342 1503 3391 F'inhtnd.

441 3424 605 3472 Securi
633 3424 847 3472 adversus
870 3423 1005 3484 Deos]
1071 3422 1178 3470 Non
1213 3424 1334 3483 quod
1354 3424 1503 3471 nullos
1530 3422 1734 3477 credant,
1754 3420 1832 3468 sed
1871 3420 1989 3483 qnod
2025 3420 2142 3468 nihil

386 3483 652 3531 habentibus
671 3484 871 3529 adimere
892 3481 970 3529 Dii
985 3481 1101 3528 nihil
1119 3495 1319 3543 possunt.
1382 3483 1472 3531 Sed
1505 3486 1578 3530 est
1596 3481 1670 3528 vel
1688 3481 1756 3529 sic
1790 3495 1948 3543 parum
1967 3481 2140 3529 decom

386 3542 610 3591 maie-tati
631 3542 830 3591 Deorum
850 3541 1089 3589 sententia.
1151 3541 1275 3589 Ern.
