2532 4164
434 298 572 362 102-
902 316 1078 362 1VL11
1132 314 1373 362 Aemo.
1429 314 1604 360 vi'rA

420 486 517 524 ere
549 468 887 525 Helvidium
919 469 975 526 in
1000 485 1294 532 carcerem
1325 485 1559 524 manus:
1590 484 1694 523 nos
1724 465 1978 523 Maurici
2006 466 2150 523 Rus-

422 567 637 640 ticique
679 569 921 631 divisus,
951 585 1053 623 nos
1085 567 1386 623 innocenti
1427 568 1708 639 sanguine
1743 567 2001 622 Senecio
2031 584 2151 638 per·

421 664 583 722 fudit.
666 668 828 722 Nero
875 673 1068 721 tamen
1113 665 1399 720 subtraxit
1441 666 1661 731 oculos,
1703 666 1980 737 iussitque
2028 681 2153 720 sce·

424 766 558 832 lera‚
591 783 702 821 non
732 765 1022 835 spectavit
1048 783 1060 817 :
1094 764 1403 835 praecipua
1429 766 1534 819 sub
1566 763 1908 819 Domitiano
1935 761 2152 821 miseri·

422 880 580 918 arum
607 881 732 935 pars
762 863 1123 929 eratsvidere
1151 869 1209 916 et
1239 861 1495 933 adspici:
1524 879 1656 918 cum
1686 861 1929 934 suspiria
1958 867 2155 917 nostra

422 963 949 1043 subscriberenturt
995 977 1128 1016 cum
1158 960 1505 1016 denotandis
1535 966 1618 1016 tot
1648 960 1946 1016 hominum
1980 962 2154 1032 pallo-

421 1058 575 1116 ribus
622 1060 908 1115 sufficeret
956 1075 1166 1114 saevus
1215 1058 1318 1114 ille
1367 1061 1581 1124 vultus,
1610 1063 1668 1114 et
1719 1061 1905 1122 rubor,
1932 1075 2045 1131 quo
2087 1075 2151 1114 se

420 1165 620 1215 contra
654 1160 924 1229 pudorem
954 1157 1266 1213 muniebat.
1352 1157 1451 1214 Tu
1481 1174 1622 1214 vero
1647 1156 1810 1223 felix,
1855 1158 2154 1230 Agricola,

421 1274 539 1313 non
587 1257 743 1312 vitae
788 1262 1009 1312 tantum
1053 1256 1340 1322 claritate,
1367 1257 1468 1312 sed
1512 1256 1691 1312 etiam
1724 1256 2155 1328 opportunitate

423 1356 623 1413 mortis
662 1352 751 1430 (ut
792 1355 1115 1427 perhibent,
1144 1355 1242 1427 qui
1270 1353 1648 1411 interfuerunt
1680 1354 2010 1410 novissimis
2042 1370 2156 1409 ser-

424 1454 688 1510 monibus
745 1449 883 1529 tuis)
936 1458 1211 1508 constans
1265 1457 1326 1509 et
1382 1453 1568 1510 libens
1595 1453 1772 1509 fatum
1828 1452 2154 1523 excepisti3

426 1556 714 1623 tamquam
765 1568 866 1621 pro
915 1550 1073 1607 virili
1123 1552 1387 1622 portione
1434 1551 1835 1607 innocentiam
1895 1549 2156 1623 Principi

424 1651 686 1705 donares.
780 1650 897 1705 Sed
957 1649 1098 1705 mihi
1154 1649 1439 1723 filiaeque,
1498 1655 1724 1721 praeter
1776 1651 2156 1706 acerbitatem

423 1748 680 1821 parentis
708 1748 909 1819 erepti,
938 1755 1110 1821 auget
1140 1748 1508 1812 moestitiam,
1531 1750 1679 1821 quod
1709 1748 1973 1804 adsidere
2004 1750 2163 1803 vale-

426 1835 629 1912 tudini,
681 1847 879 1904 fovere
920 1848 1311 1911 deficientem,
1352 1846 1549 1903 satiari
1608 1849 1788 1911 vultu,
1828 1850 2160 1919 complexu,

428 1965 544 2003 non
585 1946 851 2017 contigit.
882 1947 1315 2017 excepissemus
1344 1951 1504 2002 certe
1549 1946 1820 2002 mandata
1851 1963 2168 2019 vocesque,

427 2064 565 2120 quas
622 2045 852 2118 penitus
901 2045 1095 2101 animo
1142 2045 1468 2118 figeremus.
1551 2043 1771 2100 Noster
1826 2044 1924 2100 bic
1979 2046 2163 2112 dolor,

430 2153 684 2202 nostrum
728 2148 972 2200 vulnus:
1017 2144 1183 2199 nobis
1228 2151 1343 2199 tam
1387 2146 1594 2216 longae
1623 2144 1920 2199 absentiae
1959 2142 2163 2210 condi-

369 2228 386 2235 γ’
431 2239 590 2300 tione
640 2245 775 2300 ante
816 2242 1256 2317 quadriennium
1300 2241 1541 2297 amissus
1591 2260 1672 2297 es.
1783 2242 1995 2299 Omnia
2037 2242 2165 2299 sine

429 2344 623 2398 dubio.
639 2342 858 2414 optime
883 2348 1202 2413 parentum,
1221 2339 1524 2396 adsidente
1547 2341 1940 2396 amantissima
1965 2359 2164 2408 uxore,

431 2440 759 2513 superfuere
810 2440 1013 2495 honori
1067 2446 1199 2495 tuo:
1244 2439 1608 2511 paucioribus
1666 2446 1861 2496 tamen
1912 2439 2165 2497 lacrimis

492 2613 906 2671 Subscriberentur]
977 2612 1040 2659 Et
1060 2612 1105 2658 in
1126 2612 1294 2659 crimen
1314 2618 1594 2659 vocarentur.

491 2694 657 2739 Saevus
684 2693 766 2739 ille
799 2691 970 2752 vultus]
1035 2692 1168 2737 Unde
1205 2691 1372 2737 Plinius
1411 2691 1454 2738 in
1494 2691 1751 2749 Panegyric.
1788 2691 2006 2739 XLvm.
2068 2693 2169 2750 Ipse

435 2753 720 2800 Domitianus
737 2766 922 2797 occursu
942 2765 1105 2810 quoque
1124 2750 1308 2808 risuque
1332 2752 1560 2803 terribilis,
1583 2752 1787 2807 superbia
1824 2752 1877 2797 in
1899 2752 2077 2809 fronte,
2098 2755 2170 2798 ira

435 2814 489 2858 in
518 2812 671 2865 oculis,
692 2811 927 2867 semineus
952 2811 1099 2865 pallor
1116 2811 1167 2855 in
1188 2824 1377 2866 corpore,
1396 2810 1449 2856 in
1467 2825 1539 2855 ore
1556 2810 1832 2867 impudentia
1846 2813 1990 2857 multo
2008 2814 2172 2859 where

436 2873 623 2930 suffusa„
688 2870 809 2915 Vere
838 2870 1006 2914 Seneca
1049 2869 1128 2929 Ep.
1173 2868 1238 2915 xl
1327 2868 1525 2920 Quidam
1562 2883 1807 2929 numquam
1844 2873 1999 2926 mag-is¹
2035 2888 2171 2931 quam

438 2945 538 2976 cum
558 2929 837 2983 erubuerint,
867 2927 1051 2973 timendi
1067 2933 1186 2981 sunt,
1217 2929 1344 2983 qumi
1373 2942 1542 2973 omnem
1571 2930 1882 2974 verecundiam
1910 2930 2170 2988 effuderint.

436 2988 560 3047 Sylla
594 2994 701 3035 tunc
720 2993 812 3033 erat
832 2988 1184 3040 violentissimus,
1207 2987 1486 3043 cumfaciem
1506 2986 1601 3045 eJ‘us
1620 2988 1805 3044 sanguis
1823 2988 2056 3035 invaserat.

496 3069 801 3115 Innocentiam
822 3067 1018 3124 principi
1036 3068 1237 3124 donares]
1272 3067 1539 3126 ,Tamquam
1559 3081 1639 3126 pro
1657 3065 1777 3111 virili
1796 3070 1999 3127 portione
2022 3069 2174 3117 Domi·

437 3128 608 3173 tianum
628 3128 895 3180 absolveres,
918 3133 1051 3186 teque
1066 3125 1315 3172 constantia
1334 3134 1380 3170 et
1404 3126 1639 3171 alacritate
1658 3133 1736 3171 tua
1768 3140 1855 3172 non
1876 3128 2174 3190 interceptum

439 3202 610 3233 veneno
625 3187 852 3247 probares.

499 3268 617 3312 Ante
633 3262 1002 3325 quadriennium]
1064 3263 1285 3315 Quartum
1314 3263 1408 3320 jam
1428 3278 1587 3309 annum
1617 3260 1766 3309 Roma
1785 3265 1971 3312 aberant
1992 3267 2177 3315 Tacitus

441 3327 621 3385 ejusque
659 3339 781 3370 uxor.
846 3323 919 3368 Ob
952 3323 1078 3380 hujus
1112 3323 1343 3370 absentiae
1362 3337 1507 3368 casum
1528 3323 1581 3368 iis
1601 3329 1707 3368 ante
1733 3325 2066 3383 quadriennium
2102 3340 2178 3386 pe-

440 3385 568 3432 riisse
593 3384 842 3442 Agricolam
862 3381 1024 3427 scribit.

503 3462 804 3530 Paucioribns
821 3466 967 3507 tamen
987 3460 1211 3520 lacrymis]
1276 3460 1470 3521 Egregie
1484 3459 1672 3521 dictum,
1698 3468 1749 3509 ut
1767 3460 1918 3509 cetera
1936 3461 2180 3522 Agricolae

443 3536 648 3586 suprema
667 3535 859 3568 maximo
875 3535 1003 3568 sensu
1018 3526 1217 3571 narrata.
