2532 4164
884 324 1425 384 fanus'rnA'l-um.
1865 313 1959 380 35

356 487 738 555 Philosophum
786 488 1027 547 deceret,
1078 490 1280 541 irrisus.
1320 487 1379 539 In
1422 488 1521 539 hac
1570 501 1664 538 sua
1698 484 1957 548 socordia,

356 575 639 628 literarum
664 582 724 629 et
749 576 946 627 artium
973 576 1165 633 cultor,
1197 577 1426 640 plurima
1468 575 1634 624 latine
1659 576 1717 625 et
1753 571 1962 627 Graece

358 660 497 712 haud
526 662 858 728 ineleganter
898 662 1130 727 scripsit.
1162 662 1310 711 varia
1351 676 1516 726 opera
1562 661 1776 725 publica
1819 675 1963 730 unag-

359 746 514 798 nifice
541 746 791 813 perfecit.
834 747 1052 799 Sueton.
1101 750 1154 798 in
1177 746 1367 798 Claud.
1412 764 1473 798 ιι.
1510 762 1562 797 x.
1593 761 1688 797 xm
1714 750 1775 798 et.
1818 760 1960 796 nu.

359 832 542 884 Tacit.
572 835 763 884 Annal.
792 848 893 893 xu,
938 836 1020 885 69.
1063 835 1253 885 Senec.
1294 835 1345 884 in
1395 834 1781 899 Apocolocyut.
1819 833 1960 884 Plin.

362 932 556 977 xxxvi,
590 922 666 969 15.
712 924 857 971 sect.
884 922 970 971 24.
998 934 1141 970 num.
1179 922 1239 970 to
1261 927 1323 970 et
1351 923 1426 970 11.

433 1005 494 1057 ln
519 1007 748 1057 nummis
774 1021 853 1058 τι.
892 1021 1092 1058 οωνο.
1131 1021 1283 1057 cus.
1324 1023 1453 1058 Ave.
1477 1021 1652 1058 emam.
1683 1020 1807 1056 un».
1846 1019 1957 1057 cos.

363 1105 415 1143 r.
443 1106 507 1142 Μ.
536 1108 627 1143 Ta.
657 1108 707 1142 Ρ.
734 1108 962 1143 causon.
1040 1092 1096 1143 ld
1124 1100 1204 1159 est
1245 1092 1496 1145 Tiberius
1538 1091 1788 1144 Claudius
1828 1092 1963 1144 (ae-

361 1193 449 1230 sar
478 1182 744 1245 Augustus
776 1178 1141 1234 Germanicus,
1187 1177 1505 1244 Imperator,
1544 1178 1743 1238 consul,
1786 1178 1963 1244 ponti·

364 1263 453 1316 fex
482 1268 763 1323 maximus,
792 1266 1083 1317 tribunicia
1108 1271 1401 1331 potestate,
1429 1280 1635 1316 censor.

432 1350 565 1404 Post
591 1360 823 1404 mortem
849 1367 1008 1404 mvvs
1043 1367 1312 1404 cmvmvs
1348 1367 1640 1404 avevswvs.

435 1528 551 1577 101.
577 1525 842 1591 'Pnan'ru
885 1525 1320 1582 Uueuunmm.
1362 1526 1488 1579 Auli
1524 1526 1725 1580 Plautii
1772 1530 1961 1582 trium-

363 1613 535 1681 phalis
562 1616 662 1666 viri
689 1614 812 1675 filia,
839 1613 1048 1666 Claudii
1081 1614 1426 1680 lmperatoris
1469 1630 1615 1666 uxor.
1655 1616 1743 1667 Ob
1784 1617 1961 1669 libidi-

363 1715 489 1751 num
549 1702 741 1765 probra
786 1705 847 1751 et
906 1699 1181 1752 homicidii
1241 1702 1596 1766 suspicionem
1657 1703 1956 1770 repudiata.

281 1786 284 1787 ⁷
365 1784 588 1837 Sueton.
616 1787 668 1836 in
693 1785 879 1836 Claud.
916 1801 1073 1838 xxvi.
1111 1786 1214 1837 Dio
1238 1801 1331 1837 Lx.
1360 1803 1480 1855 pag.
1507 1790 1626 1839 685.

439 1959 553 2008 102.
582 1957 809 2017 Daunus,
845 1957 1054 2011 Claudii
1083 1957 1433 2025 Imperatoris
1457 1965 1515 2011 et
1558 1958 1806 2012 Plautiae
1854 1959 1961 2016 Ur·

366 2043 653 2111 gulanillae
679 2043 831 2102 filius,
858 2046 955 2112 cui·
971 2061 1123 2097 socer
1144 2045 1448 2098 destinatus
1483 2045 1584 2098 fuit
1627 2050 1844 2115 Sejanus
1869 2061 1960 2100 an-

367 2143 436 2178 no
466 2128 532 2177 U.
582 2127 644 2178 C.
707 2125 1009 2181 unonxxni.
1069 2131 1147 2182 At
1196 2134 1443 2198 impubes
1490 2130 1762 2199 Pompeiis
1801 2135 1962 2195 obiit.

367 2229 503 2281 pyro
529 2230 627 2280 per
652 2216 820 2267 lusum
848 2219 899 2268 in
923 2218 1152 2270 sublime
1168 2222 1338 2287 jacto.
1365 2224 1435 2271 et.
1460 2220 1609 2271 hiatu
1633 2219 1741 2270 oris
1764 2234 1962 2287 excep·

368 2304 429 2351 to
475 2303 851 2365 strangulatus.
890 2302 1038 2355 Suet.
1087 2305 1142 2355 in
1186 2303 1375 2357 Claud.
1412 2319 1593 2357 xxvn.
1630 2303 1811 2358 Tacit.
1850 2308 1960 2358 An·

363 2387 471 2439 nal.
512 2402 597 2448 111,
620 2388 709 2440 29.

441 2568 557 2617 103.
592 2564 866 2625 Casuum,
892 2565 1140 2620 Plautiae
1176 2565 1547 2638 Urgulanillae
1586 2566 1713 2619 fllia.
1785 2565 1960 2628 Illam,

368 2658 430 2705 ut
455 2653 654 2705 liberto
677 2669 771 2705 suo
795 2653 993 2706 Botere
1017 2663 1355 2722 conceptam.
1383 2657 1626 2723 quamvis
1660 2660 1787 2706 ante
1809 2654 1962 2724 quin·

373 2741 487 2789 tum
523 2754 763 2791 mensem
789 2739 1005 2793 divortii
1034 2748 1235 2804 natam,
1262 2750 1321 2796 et
1358 2745 1431 2795 ali
1470 2749 1738 2809 coeptam,
1765 2741 1961 2810 exponi

372 2829 554 2878 tamen
580 2826 646 2878 ad
673 2829 859 2878 matris
876 2831 1113 2896 januam.
1154 2837 1215 2882 et
1262 2830 1458 2885 nudam
1505 2832 1682 2901 abjici,
1708 2830 1960 2884 Claudius

361 2914 543 2980 jussit.
584 2914 803 2965 sueton.
830 2912 884 2964 in
907 2913 1097 2967 Claud.
1124 2930 1304 2968 xxvu.

445 3082 562 3131 104.
603 3084 784 3135 Anu
831 3083 1070 3144 Pnuu,
1100 3085 1173 3142 Q.
1216 3086 1359 3137 Aelii
1385 3085 1703 3142 Tuberonis,
1729 3098 1865 3137 anno
1890 3080 1963 3133 U.

373 3162 441 3217 C.
465 3182 715 3222 nccniu
740 3173 986 3234 consulis,
1012 3171 1138 3233 filia,
1179 3170 1390 3225 Claudii
1430 3171 1779 3239 Imperatoris
1818 3184 1968 3228 uxor.
