2532 4164
889 304 1063 354 eu.
1118 282 1236 352 29.
1286 287 1402 355 30.
1908 289 2003 360 83

273 463 336 518 et
359 460 552 518 adhue
580 458 871 518 adfluebat
898 461 1089 518 omnis
1137 462 1429 527 iuventus,
1474 464 1535 519 et
1582 462 1785 538 quibus
1834 468 2015 525 cruda

282 577 352 619 ac
384 559 589 617 viridis
617 561 1079 629 senectus‚,clari
1110 564 1286 627 belle,
1314 578 1385 619 ao
1413 581 1514 619 sua
1538 564 1775 637 quisque
1804 567 2017 625 decora

272 667 569 736 gestantes
598 678 612 715 ε
654 660 970 716 cum-inter
996 663 1187 734 plures
1221 662 1418 717 Duces
1452 662 1664 719 virtute
1693 669 1752 719 et
1798 683 2014 738 genere

275 765 594 833 praestans,
644 758 882 815 nomine
912 758 1223 830 Calgacus,
1252 762 1793 833 apudeontractam
1825 764 2014 821 multi·

279 859 561 925 tudinem,
590 858 869 931 proelium
891 863 1249 930 poscentem,
1273 858 1335 916 in
1359 860 1512 917 hune
1536 864 1767 919 modum
1787 864 2013 920 loeutus

279 957 486 1016 fertur:
1078 1001 1101 1010 s

360 1063 377 1090 ‘
402 1056 689 1129 Quotiens
727 1073 961 1114 caussas
1004 1059 1141 1114 belli
1188 1065 1250 1113 et
1292 1061 1702 1119 necessitatem
1758 1069 2011 1121 nostram
2035 1072 2120 1133 30

282 1156 557 1222 ‘intueor,
586 1174 827 1229 magnus
870 1155 1011 1213 mihi
1053 1157 1278 1212 animus
1319 1162 1426 1219 est,
1470 1158 1809 1216 hodiernum
1838 1163 2015 1230 diem,

283 1261 784 1329 ‘consensumque
855 1263 1128 1320 vestrum,
1197 1254 1428 1311 initium
1502 1257 1784 1314 libertatis
1841 1262 2018 1318 totius

284 1359 302 1387 ‘
328 1354 671 1412 Britanniae
711 1354 850 1411 fore.
896 1356 1098 1411 ‘Nam‘
1130 1359 1190 1411 et
1246 1355 1503 1411 universi
1564 1358 1865 1414 servitutis
1919 1376 2018 1415 ex·

284 1457 534 1527 ‘pertes,
572 1458 633 1510 et
685 1455 876 1510 nullae
922 1455 1070 1510 ultra
1117 1460 1316 1522 terrae,
1362 1472 1432 1510 ae
1479 1472 1551 1511 ne
1601 1474 1755 1511 mare
1785 1458 2015 1529 quidem

288 1558 609 1618 ‘securum
679 1552 1004 1610 inminente
1071 1553 1237 1609 uobis
1322 1556 1507 1609 classe
1580 1555 1858 1612 Romana.
1936 1556 2020 1613 ita

288 1651 605 1725 ‘proelium
634 1657 806 1725 atque
845 1670 1022 1717 arma,
1051 1669 1198 1723 quae
1228 1653 1466 1709 fortibus
1514 1654 1775 1720 honesta,
1813 1656 2019 1712 eadem

289 1751 505 1810 ‘etiam
532 1751 763 1824 ignavis
795 1753 1098 1814 tutissima,
1140 1749 1292 1807 sunt.
1378 1751 1604 1809 Priores
1627 1770 1872 1824 pugnae,
1899 1754 2021 1828 qui-

291 1851 428 1907 ‘bus
457 1852 733 1907 adversus
766 1852 1058 1907 Romanos
1108 1852 1271 1905 varia
1313 1851 1538 1928 {fortuna
1587 1859 1870 1909 certatum
1912 1858 2019 1920 est,

289 1956 495 2023 ‘spem
543 1967 613 2007 ac
659 1949 975 2007 subsidium
1025 1949 1086 2006 in
1138 1951 1348 2005 nostris
1400 1950 1660 2007 manibus
1691 1952 2018 2007 habebant:

288 2050 458 2125 ‘quia
509 2048 853 2107 nobilissimi
899 2050 1072 2106 totius
1143 2049 1504 2112 Britanniae,
1548 2067 1731 2122 eoque
1773 2049 1834 2105 in
1878 2048 2018 2121 ipsis

290 2148 725 2225 ‘penetralibus
746 2149 868 2214 siti,
898 2165 1009 2204 nec
1037 2147 1420 2204 servientium
1463 2148 1656 2204 littora
1696 2148 2021 2222 adspicien-

353 2326 535 2375 Viridis
562 2302 773 2387 senectus]
838 2325 913 2372 sie.
939 2324 1168 2385 Virgilius,
1189 2325 1380 2372 Aeneia.
1414 2325 1496 2373 vi.
1520 2328 1619 2373 ³04.

558 2407 663 2452 Jam
681 2407 849 2453 senior:
884 2407 959 2453 sed
980 2407 1115 2451 cruda
1143 2405 1231 2451 deo
1249 2405 1492 2466 viridisque
1511 2413 1725 2455 senectus.

350 2490 443 2538 Sua
473 2492 653 2550 quisque
680 2492 853 2551 decora]
918 2490 1117 2537 Bellicae
1139 2489 1317 2535 virtutis
1335 2490 1522 2548 insignia
1541 2505 1593 2534 ac
1613 2489 1826 2551 praemia.

353 2570 594 2630 Calgacus]
660 2574 713 2616 ln
736 2571 876 2616 veteri
898 2579 942 2615 et
964 2570 1167 2615 sabuloso
1187 2570 1404 2616 Tri-adum
1442 2569 1559 2614 libro
1580 2570 1834 2629 appellatur
1852 2569 2027 2618 Galum:

288 2644 347 2687 φ
367 2631 613 2677 biennum.
678 2630 927 2676 Fortissimi
951 2631 1076 2686 hujus
1097 2630 1181 2674 viri
1201 2630 1406 2675 oratione
1427 2628 1534 2674 nihil
1569 2630 1864 2688 praestantius
1887 2631 2028 2676 habet

295 2694 388 2736 tum
408 2689 598 2740 Graeca,
632 2693 725 2734 tum
750 2690 953 2735 Romana
984 2690 1239 2748 antiquitas.
1308 2690 1473 2734 Omnes
1513 2687 1827 2733 dominationis
1862 2689 2027 2734 Roma·

294 2763 383 2795 nae
419 2756 555 2805 artes,
593 2748 704 2794 vitis
742 2749 907 2805 omnia,
944 2750 1057 2794 mira
1087 2755 1188 2793 arte
1225 2762 1278 2793 ac
1319 2748 1538 2793 brevitate
1572 2746 1629 2792 ibi
1670 2747 1864 2807 explicat
1898 2747 2028 2796 Taci-

293 2812 379 2855 tus.
948 2811 954 2819 ’
1704 2830 1707 2831 ’

355 2886 425 2933 Ita
445 2887 661 2944 proelium
681 2891 807 2946 atque
826 2887 970 2946 arma]
1037 2887 1085 2932 In
1126 2887 1209 2932 hoc
1244 2900 1391 2933 rerum
1411 2889 1532 2930 statu
1568 2884 1784 2945 proelium
1818 2892 1862 2931 et
1885 2901 2027 2945 arms,

296 2960 386 2993 non
401 2948 591 2993 fortibus
606 2952 780 2993 tantum
801 2948 1003 3000 honesta,
1023 2946 1099 2992 sed
1142 2945 1245 3006 ipsis
1263 2946 1400 2990 etiam
1424 2944 1590 3001 ignavis
1610 2946 1853 2990 necessaria
1885 2953 1933 2991 et
1960 2952 2030 2992 tu·

295 3005 465 3051 tissima
486 3014 600 3051 sunt.
669 3006 841 3052 Priores
857 3005 1168 3050 Britannorum
1193 3019 1379 3063 pugnae,
1397 3004 1553 3062 quibus
1575 3004 1782 3050 adversus
1804 3004 2035 3057 Romanos,

297 3066 421 3111 varia
442 3066 618 3110 fortuna
637 3072 853 3111 certatum
873 3071 957 3119 est,
998 3079 1119 3124 spem
1142 3063 1331 3108 alteram
1363 3077 1420 3107 ac
1447 3063 1686 3107 subsidium
1726 3077 1933 3122 praeseus
1953 3063 2030 3108 ha·

298 3123 462 3169 bebant
503 3125 547 3170 in
571 3124 727 3170 nostris
756 3123 1023 3175 civitatibus,
1061 3123 1117 3167 ad
1171 3137 1247 3167 uas
1269 3122 1520 3180 confugere,
1541 3122 1585 3166 in
1626 3122 1786 3166 nostris
1812 3121 2029 3180 manibus,

326 3199 411 3230 uae
433 3185 602 3229 hostem
630 3184 807 3230 vincere
830 3190 1051 3243 poterant.
1120 3138 1215 3226 130⁸
1235 3183 1370 3237 enim,
1412 3181 1548 3226 totius
1571 3179 1832 3226 Britanniae
1851 3179 2030 3226 nobilis·

383 3244 410 3297 i,
448 3254 589 3301 eoque
634 3243 677 3287 in
724 3242 828 3302 ipsis
868 3240 1184 3302 penetralibus,
1234 3255 1392 3300 nempe
1439 3240 1481 3285 in
1526 3238 1787 3293 Caledonia,
1825 3238 1911 3289 siti.
1950 3254 2033 3286 nee

300 3302 584 3348 servientium
625 3301 859 3347 Gallorum
899 3301 1036 3345 litora
1061 3299 1341 3359 aspicientes.
1376 3300 1526 3346 oculos
1587 3311 1731 3356 noque
1771 3314 1796 3341 a
1819 3305 2032 3360 contactu

298 3360 533 3407 Romanae
564 3361 876 3406 dominationis
921 3359 1157 3405 inviolatos
1201 3359 1484 3404 habebamus.
1600 3358 1683 3411 'os,
1720 3362 1940 3401 terrarum
1978 3373 2033 3403 ac

295 3419 517 3466 libertatis
542 3425 777 3471 extremos,
799 3433 990 3465 recessus
1013 3419 1106 3477 ipse
1126 3433 1178 3462 ae
1199 3420 1319 3463 ainus
1342 3420 1486 3462 famae
1517 3416 1754 3474 (audacter
1778 3420 1824 3460 et
1856 3417 2034 3474 egregie

295 3480 484 3588 fflttttum,
514 3486 565 3528 ut
584 3486 803 3527 terrarum
829 3494 881 3525 sc
900 3480 1044 3525 famae
1081 3476 1176 3524 fluia
1194 3476 1490 3537 exprimatur)
1511 3475 1558 3522 iu
1589 3476 1704 3521 hunc
1722 3475 1842 3520 diem
1882 3475 2031 3521 defes-
