2532 4164
412 328 416 332 Α
472 294 568 365 58
999 313 1175 364 mn
1227 314 1470 363 Aemo.
1523 315 1702 364 vrrs

450 491 592 533 ‘rem
642 471 958 531 Caesarum
989 471 1226 529 babuit:
1269 490 1416 547 quae
1459 471 1765 546 Equestris
1805 469 2080 529 nobilitas
2107 476 2217 530 est.

471 573 649 632 Pater
716 573 895 629 Iulius
963 571 1309 635 Graecinus,
1379 571 1672 629 Senatorii
1720 571 1962 633 ordinis,
2018 571 2216 629 studio

470 671 837 745 eloquentiae
901 671 1337 745 sapientiaeque
1392 677 1579 733 notus,
1645 671 1831 744 iisque
1905 666 2217 727 virtutibus

471 770 613 828 iram
647 770 778 828 Caii
808 771 1076 827 Caesaris
1107 770 1361 828 meritus.
1408 787 1651 844 namque
1684 769 1767 826 M.
1824 769 2090 826 Silanum
2120 769 2218 826 ad·

468 887 674 928 cusare
742 871 926 926 iussus
991 875 1069 936 et,
1141 871 1273 944 quia
1350 872 1648 935 abnuerat,
1703 869 2040 927 interfectus
2108 874 2217 926 est.

473 969 667 1027 Mater
701 969 849 1026 Iulia
901 969 1153 1027 Procilla
1202 970 1328 1037 fuit,
1376 987 1535 1026 rarae
1586 970 1889 1026 castitatis.
1936 968 1996 1026 in
2051 968 2218 1026 huius

471 1070 602 1128 sinu
649 1071 1124 1145 indulgentiaque
1169 1072 1464 1137 educatus,
1520 1088 1622 1142 per
1674 1087 1907 1128 omnem
1947 1062 2216 1128 honesta·

471 1188 595 1228 rum
624 1171 829 1227 artium
859 1172 1076 1226 cultum
1108 1169 1409 1242 pueritiam
1434 1166 2003 1243 adolescentiamque
2033 1166 2219 1227 frans-

470 1270 608 1344 egit.
700 1271 953 1327 Arcebat
1001 1287 1132 1325 eum
1163 1272 1236 1324 ab
1283 1268 1590 1325 inlecebris
1640 1269 2027 1341 peccantium,
2058 1285 2216 1341 prae-

472 1373 561 1427 ter
603 1368 781 1442 ipsius
811 1371 1021 1425 bonam
1065 1369 1461 1442 integramque
1503 1374 1784 1431 naturam,
1826 1369 1974 1442 quod
2017 1367 2220 1424 statim

473 1470 748 1543 parvulus
765 1469 962 1524 sedem
983 1484 1051 1524 ac
1076 1467 1404 1541 magistram
1428 1466 1742 1523 studiorum
1771 1466 2095 1524 Massiliam
2114 1467 2218 1524 ha·

472 1567 682 1630 buerit,
712 1569 902 1623 locum
943 1566 1173 1623 Graeca
1222 1567 1502 1623 comitate
1551 1572 1611 1624 et
1661 1565 2009 1639 provinciali
2040 1565 2220 1639 parsi·
2304 1551 2308 1555 .

472 1666 668 1724 monia
728 1666 957 1724 mistum
1006 1684 1077 1723 ac
1118 1668 1266 1723 bene
1315 1666 1720 1738 compositum.
1804 1665 2091 1723 Memoria
2136 1672 2218 1723 te-

472 1783 608 1832 neo,
640 1768 870 1822 solitum
899 1765 1086 1837 ipsum
1118 1783 1363 1827 narrare,
1394 1772 1409 1796 ‘
1430 1782 1493 1821 se
1523 1765 1582 1821 in
1614 1765 1793 1837 prima
1823 1766 2066 1822 iuventa
2093 1770 2210 1822 stu-

473 1870 491 1898 ‘
515 1865 674 1922 dium
705 1864 1103 1938 philosophiae
1130 1865 1336 1932 acrius,
1365 1867 1705 1943 ultra-quam
1727 1852 2069 1921 concessum
2101 1864 2217 1922 Ro-

374 2038 381 2044 ·
473 1968 490 1997 ⁸
515 1982 689 2021 mano
717 1980 786 2020 ac
819 1964 1110 2029 Senatori,
1136 1964 1414 2029 hausisse,
1446 1963 1505 2020 ni
1551 1963 1853 2037 prudentia
1895 1964 2091 2021 matris
2130 1963 2217 2020 in·

479 2051 851 2121 ‘censum'ac
877 2063 1213 2138 flagrantem
1236 2061 1492 2120 animum
1514 2061 1906 2121 coercuisset!
1950 2062 2217 2133 Scilicet,

467 2164 718 2222 sublime
745 2169 804 2219 et
833 2171 1092 2220 erectum
1134 2164 1432 2234 ingenium
1475 2163 1964 2236 pulchritudinem
1992 2181 2063 2220 ac
2093 2179 2219 2236 spe·

472 2261 624 2320 ciem
648 2265 921 2319 excelsae
951 2280 1311 2336 magnaeque
1331 2262 1551 2335 gloriae
1582 2262 2010 2328 vehementius,
2039 2277 2214 2337 quam

466 2365 663 2428 caute,
729 2361 1059 2434 adpetebat.
1127 2377 1266 2417 mox
1331 2359 1624 2433 mitigavit
1684 2359 1831 2418 ratio
1893 2367 1953 2419 et
2007 2361 2168 2419 aetas
2199 2381 2213 2418 ε

473 2458 842 2536 retinuitque,
909 2459 1059 2536 quod
1130 2463 1220 2516 est
1285 2458 1711 2529 difficillimum,
1777 2453 1888 2520 ex'
1924 2460 2216 2536 sapientia

465 2558 719 2616 modum.
1991 2609 2032 2640 ν

465 2719 639 2768 toribus
657 2722 706 2766 et
743 2719 992 2780 publicanis
1010 2719 1176 2768 dictum
1212 2735 1347 2782 supra
1370 2721 1532 2769 Annal.
1568 2721 1678 2769 XII.
1715 2725 1791 2770 60.
1855 2728 1870 2750 ⁸
1892 2722 2065 2769 Eodem
2102 2736 2223 2769 anno

465 2783 480 2806 ⁴
496 2781 674 2850 saepius
693 2779 850 2825 audita
872 2795 957 2827 vox
989 2779 1220 2842 Principis,
1242 2795 1394 2840 parem
1417 2781 1505 2827 vim
1527 2796 1673 2827 rerum
1695 2782 1946 2828 habendam
1967 2797 1994 2827 a
2012 2795 2223 2849 procura-

466 2839 670 2886 ‘tonbus
700 2838 790 2886 suis
828 2839 1145 2896 judicaturum,
1167 2856 1220 2886 ac
1256 2840 1294 2886 si
1327 2839 1423 2900 Ipse
1453 2843 1719 2887 statuisset.’
1783 2843 1830 2887 ln
1864 2841 2107 2887 minoribus
2155 2838 2224 2886 ui-

462 2901 477 2925 ‘
499 2897 685 2945 busdam
720 2898 978 2958 provinciIs,
999 2898 1114 2944 utin
1143 2899 1335 2954 Judaea,
1371 2905 1683 2960 procuratores
1710 2899 2065 2958 jurisdictionem
2101 2913 2130 2945 ο
2162 2898 2221 2945 ti-

461 2959 475 2984 ‘
500 2957 683 3004 nebant.
745 2957 879 3009 Quod
898 2957 1100 3005 omnibus
1115 2964 1406 3019 compertum.

522 3035 586 3084 In
604 3035 748 3096 12qu
777 3035 885 3084 sinu
918 3036 1307 3099 indulgentiaque]
1371 3037 1445 3084 De
1482 3038 1567 3085 hac
1600 3038 1772 3099 optima
1791 3038 2077 3087 institutione
2110 3039 2216 3087 vide

460 3094 577 3142 infra
597 3095 780 3155 Dialog.
818 3097 876 3142 de
894 3099 1025 3142 Orat.
1071 3096 1297 3144 xxvm.
1361 3097 1491 3144 ‘Jam
1530 3097 1738 3159 primum,
1773 3114 1877 3145 suus
1906 3100 1975 3145 cui
2009 3114 2065 3145 ue
2085 3099 2218 3156 filius,

462 3157 478 3182 ⁸
497 3168 555 3201 ex
573 3161 697 3201 casta
737 3162 925 3215 parente
962 3163 1106 3210 natus,
1143 3169 1231 3203 non
1270 3156 1315 3204 in
1352 3157 1471 3203 cella
1490 3163 1669 3218 emptae
1703 3158 1904 3213 nutrit-is,
1924 3174 1945 3204 s
2042 3159 2219 3217 gremio

462 3215 478 3240 ⁸
499 3227 552 3258 ac
570 3213 665 3260 sinu
687 3214 842 3261 matris
863 3214 1155 3269 educabatur,
1175 3214 1301 3271 cujus
1333 3217 1577 3277 praecipua
1613 3216 1709 3262 laus
1727 3224 1841 3270 erat,
1862 3217 1980 3265 tueri
2017 3218 2217 3274 domum,

461 3278 477 3302 ‘
499 3277 546 3318 et
563 3272 775 3320 inservire
794 3272 963 3320 liberis.
1030 3274 1296 3333 Eligebatur
1316 3283 1466 3322 autem
1486 3275 1637 3337 aliqua
1657 3277 1798 3335 major
1819 3281 1927 3322 natu
1948 3277 2217 3337 propinqus,

460 3336 476 3418 ἶ
497 3332 1789 3441 malim:‘23332‘1‘223⁰”212323232ssffl0'2'325m
1810 3335 2009 3441 53⁵3?
2038 3335 2219 3440 ’⁰333‘

461 3453 475 3476 ⁰
498 3463 642 3511 ueque
677 3425 996 3512 facere,’quod
1035 3407 1318 3499 inhlonestefflm
1359 3453 1480 3498 sactu
1514 3428 1756 3500 videretur’.
1780 3409 1809 3456 q
1839 3458 1905 3501 Ac
1941 3409 2220 3500 aggestudio’.

462 3511 478 3537 ⁸
497 3509 631 3555 modo
651 3524 885 3570 curasque,
905 3510 983 3556 sed
1004 3510 1284 3557 remissiones
1303 3511 1439 3557 etiam
1462 3512 1669 3574 lususque
1683 3527 1942 3574 puerorum,
1974 3512 2221 3560 sanctitate

464 3572 479 3596 ⁸
497 3568 692 3630 quadam
707 3584 761 3615 ac
780 3568 1051 3616 verecundia
1071 3569 1393 3630 temperabat)

530 3647 612 3726 ³²?
637 3648 854 3708 sapientia
872 3649 1072 3711 nudum]
1135 3650 1345 3698 Summae
1363 3656 1409 3698 et
1430 3652 1658 3712 perfectae
1687 3652 1934 3716 sapientiae
1951 3655 2036 3712 est,
2075 3651 2151 3701 vel
2183 3650 2233 3700 in
