2532 4164
997 414 1539 463 unos‘rRATUM.
1828 478 1835 495 .
1981 397 2071 465 15

471 583 609 622 anno
632 565 707 619 U.
731 565 795 620 C.
820 581 1104 620 nccnxvn.
1147 566 1265 627 Vir,
1301 570 1345 620 si
1385 567 1678 637 diligenter
1718 571 2078 637 aestimentur

470 660 682 713 cuncta,
712 653 856 706 fama
878 668 1037 723 quam
1064 653 1359 705 virtutibus
1383 654 1745 715 celebratior3
1788 670 2079 722 numquam

466 743 831 808 principatum
873 739 1184 807 adepturuS,
1234 741 1337 793 nisi
1386 743 1607 806 pessimi
1651 740 1877 793 fuissent
1918 729 2082 808 Lepi*-

466 825 563 878 dus
588 831 648 878 et
679 827 958 884 AntoniuS‚
986 828 1250 878 maximus
1299 824 1540 877 dictator
1579 824 1795 884 Caesar,
1842 828 2080 893 optimus

469 911 760 979 Vipsanius
818 913 1078 980 Agrippa.
1177 910 1494 963 Laudandus
1556 916 1740 965 tamen
1788 912 1930 980 quod
1981 916 2081 965 im·

468 1000 699 1065 perium,
724 998 902 1048 aliena
956 998 1163 1048 virtute
1212 1002 1448 1063 partum,
1490 1003 1610 1049 arte
1659 999 1890 1064 plurima
1930 1000 2088 1050 susti-

468 1085 668 1140 nuerit,
696 1089 758 1135 et
783 1082 1028 1141 Romam,
1053 1097 1215 1150 quam
1259 1082 1555 1133 lateritiam
1598 1089 1904 1149 acceperat,
1938 1100 2080 1136 mar·

467 1183 709 1222 moream
757 1168 1061 1237 reliquerit.
1152 1166 1211 1218 ln
1254 1168 1371 1234 ipsa
1411 1183 1506 1221 sua
1546 1169 1817 1220 felicitate
1866 1172 1945 1222 ita
1988 1185 2080 1220 va-

469 1256 595 1314 τίιιε,
640 1260 703 1306 ut
737 1255 882 1306 inter
922 1269 1107 1311 omncs
1156 1257 1317 1306 sortis
1360 1256 1626 1307 humanae
1674 1271 1825 1307 casus
1864 1272 2081 1322 semper

469 1341 811 1399 colluctatuS,
839 1355 996 1391 nemo
1036 1340 1204 1408 magis
1240 1356 1312 1392 ex
1359 1343 1604 1393 omnibus
1647 1343 1963 1394 mortalibus
1989 1344 2081 1394 ho-

477 1429 682 1479 minem
709 1443 827 1480 esse
869 1443 944 1485 se,
994 1425 1121 1478 dum
1166 1429 1310 1479 inter
1357 1429 1599 1480 homines
1644 1434 1781 1488 erat,
1832 1431 2080 1482 senserit.

484 1513 709 1566 Sueton.
737 1514 791 1564 in
819 1515 962 1581 Aug.
986 1517 1106 1564 vet
1147 1512 1208 1563 C.
1253 1512 1433 1565 Tacit.
1466 1515 1659 1566 Annal.
1704 1531 1740 1574 1,
1780 1520 1824 1565 l.
1869 1531 1995 1574 xm,
2032 1518 2081 1567 6.

473 1584 661 1651 Florus
725 1615 802 1659 ιν,
854 1601 933 1651 12.
1011 1599 1197 1650 Aurei.
1250 1597 1467 1664 Victori,
1450 1598 1536 1650 de
1575 1599 1917 1658 Caesaribus,
1960 1617 2080 1669 cap.

474 1702 514 1738 1.
541 1687 683 1737 Pliu.
711 1702 813 1745 vu,
850 1687 935 1737 45.
970 1685 1159 1737 Senec.
1189 1681 1390 1737 conso'l.
1420 1685 1486 1737 ad
1522 1685 1714 1754 Polyb.
1755 1702 1947 1739 xxxtv.

538 1772 598 1824 ln
627 1774 854 1825 nummis
900 1778 1028 1824 ante
1079 1756 1443 1838 principatum
1496 1776 1810 1840 appellatur
1849 1773 1911 1825 C.
1937 1772 2078 1826 Cn-

428 1883 444 1898 ·
473 1875 573 1911 ssu
600 1877 721 1912 mvl
768 1876 817 1912 r.
859 1875 980 1911 nup.
1023 1875 1210 1911 mvin.
1253 1860 1377 1911 nec.
1406 1875 1518 1912 cos.
1557 1876 1894 1912 mnnnmms
1932 1877 1982 1913 P.
2023 1876 2077 1913 ιι.

469 1962 701 1999 vmnnx.
744 1947 796 1999 id
832 1953 935 2007 est,
962 1946 1123 1999 Caius
1154 1945 1367 2007 Caesar,
1409 1947 1519 2000 divi
1543 1947 1724 2013 filius,
1767 1948 2076 2014 imperator,

470 2035 724 2087 triumvir
761 2034 1075 2099 reipublicae
1122 2034 1520 2096 constituendae,
1571 2036 1767 2096 consul,
1815 2022 2077 2089 libertatis

473 2121 662 2185 populi
687 2120 925 2171 Romam·
948 2120 1151 2170 vindex.

543 2205 602 2256 In
652 2205 956 2273 principatu
1003 2204 1221 2258 Cassan
1279 2206 1418 2259 Avo.
1483 2208 1792 2259 AVGVSTVS.
1847 2223 1968 2259 mvl
2021 2223 2073 2261 r.

475 2306 596 2343 mr.
636 2306 747 2342 cos.
785 2306 969 2342 mour.
1023 2306 1165 2364 aux.
1221 2307 1316 2344 ma.
1373 2307 1499 2344 po'r.
1555 2308 1742 2345 umen
1798 2308 2069 2345 umus.

471 2376 527 2446 id
574 2382 676 2436 est,
727 2373 922 2430 Caesar
960 2374 1251 2441 Augustus.
1301 2375 1590 2443 Augustus,
1633 2378 1742 2429 divi
1764 2377 1945 2443 filius,
1973 2378 2073 2430 im-

462 2449 694 2531 perator,
720 2464 915 2523 consul,
960 2462 1203 2532 pontifex
1251 2464 1534 2525 maximus,
1576 2466 1867 2517 tribunicia
1900 2471 2075 2531 potes·

468 2556 587 2607 tate,
609 2557 765 2617 pater
784 2549 1013 2617 patriae.

539 2639 670 2692 Post
695 2627 929 2692 mortem
954 2638 1128 2690 vavs
1165 2636 1475 2689 Avovsrvs.
1514 2635 1633 2690 Dno
1670 2637 1952 2691 Avovsro.

539 2816 623 2864 4⁴.
652 2811 887 2870 Omma,
915 2811 1095 2864 Publii
1120 2811 1300 2864 Clodii
1345 2816 1402 2864 et
1437 2811 1659 2866 Fulviae
1684 2813 1810 2873 filia,
1840 2813 1918 2866 M.
1964 2813 2077 2866 An·

470 2901 603 2951 tonii
631 2898 900 2951 triumviri
929 2900 1188 2965 privigna,
1228 2914 1390 2967 quam
1416 2898 1701 2952 firmandae
1721 2903 1869 2967 pacis
1894 2916 2073 2962 causa,

470 2987 741 3052 Augustus
786 2985 943 3037 duxit
968 3000 1209 3045 uxorem,
1238 2988 1331 3038 vix
1366 2984 1491 3037 dum
1541 2987 1798 3038 nubilem.
1873 2987 1967 3045 At,
2011 2986 2080 3037 si-

470 3072 706 3122 multate
742 3085 864 3122 cum
905 3069 1098 3121 Fulvia
1143 3086 1294 3122 socru
1344 3075 1550 3129 exorta,
1577 3071 1784 3122 dimisit
1820 3072 2079 3125 intactam

473 3153 647 3205 adbuc
676 3162 736 3206 et
762 3155 1044 3222 virginem.
1089 3154 1309 3206 Sueton.
1336 3154 1392 3205 in
1419 3156 1554 3222 Aug.
1594 3169 1735 3205 mxu.

540 3325 622 3374 45.
663 3301 988 3383 Scamnum.
1025 3323 1173 3377 Lucii
1203 3324 1469 3375 Scribonii
1497 3324 1718 3376 Libonis
1746 3340 1912 3383 soror,
1937 3339 2071 3378 uxor

479 3411 743 3480 Augusti:
782 3415 944 3463 antea
966 3410 1172 3465 duobus
1212 3411 1577 3465 consularibus
1624 3417 1811 3479 nupta,
1852 3411 2077 3481 quorum
