2532 4164
402 230 544 312 136
746 253 841 301 nn
894 251 1356 301 ons-romare
1409 252 1767 342 nmpsvs

225 443 236 476 .‹
262 379 351 471 [xl
394 408 616 466 olentia
645 428 658 464 ι
704 410 924 465 nullum
966 408 1044 465 sit
1075 409 1313 466 verbum
1344 411 1507 484 velut
1535 410 1799 486 rubigine
1838 408 2146 479 infectum.

392 510 541 566 nulli
588 526 789 565 sensus
845 510 1008 566 tarda
1075 514 1138 566 et
1186 509 1362 567 inerti
1436 516 1742 578 structura,
1795 510 1857 567 in
1920 525 2141 572 morem

339 679 346 684 ι
395 609 741 675 Annalium,
806 616 1272 682 componantur3
1334 610 1518 684 fugiat
1577 611 1808 668 foedam
1849 615 1908 665 et
1962 609 2146 666 insul·

179 733 194 776 ὲ
229 685 356 780 ’(’,ῗζ
392 725 515 767 sam
558 708 985 777 scurrilitatem,
1029 709 1215 766 variet
1243 710 1748 780 compositionem,
1791 725 1905 767 nec
1933 724 2139 768 omnes

391 810 681 866 clausulas
710 826 826 864 uno
844 816 903 865 et
929 810 1132 865 eodem
1164 811 1338 865 modo
1366 810 1659 867 terminet.

168 939 183 953 r
286 893 372 953 23
487 912 645 967 Nolo
684 909 934 978 inridere
971 914 1154 965 rotam
1171 908 1540 987 fortumaaet
1580 911 1677 967 ius
1704 908 1765 964 V
1761 908 2034 979 errinum,
2077 915 2140 969 et

390 1010 556 1075 illud,
578 1010 751 1067 tertio
792 1026 1015 1085 quoque
1044 1025 1215 1065 sensu
1247 1009 1308 1064 in
1337 1009 1605 1065 omnibus
1633 1009 1992 1068 orationibus
2038 1028 2141 1084 pro

392 1110 686 1167 sententia
715 1110 1124 1183 positum,esse
1145 1105 1418 1164 videatur.
1501 1109 1657 1165 Nam
1678 1115 1737 1166 et
1757 1110 1870 1166 hoc
1912 1109 2138 1167 invitus

392 1210 583 1274 retuli,
625 1215 686 1267 et
735 1211 894 1282 plura
939 1207 1130 1274 omisi,
1157 1224 1305 1281 quae
1336 1213 1532 1265 tamen
1579 1210 1704 1264 sola
1733 1209 2015 1266 mirantur
2056 1213 2139 1267 at-

392 1319 503 1383 q'ue
533 1310 867 1382 exprimunt
896 1308 976 1374 hi,
1005 1307 1101 1381 qui
1150 1324 1213 1362 se
1262 1307 1531 1381 antiquos
1585 1313 1842 1363 oratores
1899 1314 2135 1382 vocant.

392 1409 687 1465 neminem
731 1408 1063 1475 nominabO,
1118 1423 1302 1480 genus
1351 1406 1649 1466 hominum
1692 1408 1956 1481 signasse
2002 1425 2139 1466 con·

390 1513 624 1565 tentus:
668 1507 769 1569 sed
804 1506 971 1561 vobis
1019 1504 1215 1579 utique
1263 1512 1570 1563 versantur
1617 1513 1754 1564 ante
1781 1510 2002 1575 oculos,
2042 1506 2139 1582 qui

390 1605 688 1666 Lucilium
743 1622 847 1678 pro
896 1603 1159 1672 Horatio,
1208 1610 1271 1661 et
1319 1606 1658 1664 Lucretium
1714 1624 1816 1679 pro
1866 1606 2142 1681 Virgilio,

389 1708 632 1780 legunt3
701 1704 906 1779 quibus
962 1703 1300 1778 eloquentia
1353 1705 1439 1761 tui
1512 1706 1736 1763 Aufidii
1786 1705 1980 1773 Bassi,
2034 1711 2136 1764 aut

392 1804 639 1864 Servilii
697 1803 980 1872 Noniani,
1041 1822 1118 1861 ex
1179 1805 1619 1878 comparatione
1691 1807 1980 1864 Sisennae
2041 1810 2147 1868 aut

387 1903 693 1971 Varronis,
759 1904 998 1972 sordet3
1066 1902 1164 1978 qui
1233 1904 1524 1961 rhetorum
1595 1909 1919 1963 nostrorum
1984 1922 2142 1965 com-

386 2005 705 2061 mentarios
750 2002 1072 2069 fastidiunt,
1112 2003 1380 2071 oderunt,
1410 2004 1588 2062 Calvi
1616 2005 1934 2063 mirantur:
1977 2022 2139 2081 quos,

389 2122 548 2162 more
600 2105 791 2178 prisco
834 2105 988 2177 apud
1029 2101 1300 2178 judicem
1355 2104 1704 2172 fabulantes,
1745 2123 1863 2163 non
1919 2106 2141 2164 audito-

389 2222 481 2263 res
536 2210 873 2281 sequuntur,
915 2221 1031 2261 non
1087 2206 1333 2278 populus
1384 2204 1568 2272 audit,
1599 2205 1725 2263 ‘vix
1772 2206 2026 2280 (lenique
2075 2206 2142 2263 li-

86 2291 606 2381 =>c...3{I‚-t,igator
652 2302 989 2376 perpetitur.
1031 2303 1180 2359 adeo
1228 2303 1443 2361 moesti
1486 2310 1544 2360 et
1593 2304 1804 2361 inculti
1852 2306 2016 2363 illam
2057 2305 2141 2379 ip·

391 2420 534 2468 sam,
602 2420 773 2478 quam
829 2403 1073 2471 iactant,
1137 2403 1453 2461 sanitatem
1518 2421 1635 2461 non
1690 2404 1965 2461 firmitate
2032 2406 2138 2467 sed

378 2501 613 2576 jeiunio
678 2508 1128 2578 consequuntur.
1251 2503 1430 2559 Porro
1486 2521 1561 2559 ne
1611 2504 1675 2560 in
1723 2520 1964 2577 corpore
2017 2503 2142 2579 qui-

390 2601 526 2659 dem
584 2601 981 2659 valetudinem
1040 2601 1257 2659 medici
1318 2604 1582 2674 probant,
1643 2619 1791 2677 quae
1854 2621 1892 2659 a
1955 2603 2141 2660 nimia

391 2700 695 2758 anxietate
745 2702 1069 2774 contingat.
1126 2717 1327 2774 parum
1383 2706 1491 2769 est,
1532 2718 1768 2776 aegrum
1812 2719 1931 2759 non
1969 2719 2137 2760 esse:

450 2875 513 2921 In
533 2891 695 2922 morem
716 2875 973 2921 Annalium
994 2875 1329 2936 componantur]
1393 2874 1591 2923 Videtur
1611 2870 1797 2922 innuere
1818 2875 2140 2923 vetustissimos

392 2935 616 2981 annalium
651 2935 956 2981 Romanorum
989 2935 1243 2995 scriptores,
1279 2948 1389 2993 quos
1423 2934 1591 2995 absque
1626 2934 1723 2980 ulla
1757 2941 1917 2982 ornatu
1950 2936 2067 2981 sicco
2096 2940 2144 2982 et

384 2993 542 3064 ,ieiuno
558 2994 664 3039 stilo
695 2994 1029 3040 concinnat-ant.
1092 2994 1306 3043 Schurzfl.
1346 2997 1478 3054 putat
1510 2994 1729 3040 excidisse
1762 3009 1922 3041 nomen
1952 2984 2143 3042 aiicuius

391 3053 600 3112 ignobilis
621 3054 844 3099 annalium
864 3052 994 3107 fabri,
1015 3052 1204 3098 Tanusii
1226 3053 1374 3098 forsan
1395 3052 1465 3098 vel
1489 3052 1682 3099 Volusii.

451 3130 614 3178 Rotam
627 3131 865 3189 fortunae]
930 3130 1073 3176 Ridet
1102 3130 1367 3178 Ciceronem
1399 3130 1445 3177 in
1476 3130 1686 3178 Pisonem
1707 3146 1748 3178 c.
1774 3135 1842 3180 10.
1910 3131 2142 3179 Eiusdem·

389 3205 477 3252 que
506 3191 581 3236 ius
605 3191 854 3238 Verrinam
873 3205 899 3235 e
921 3189 1074 3237 Diviu.
1108 3190 1151 3236 in
1184 3190 1391 3237 Verrem.
1425 3206 1464 3236 c.
1496 3195 1569 3237 46.
1634 3191 1723 3238 Sed
1756 3191 1852 3254 ipse
1870 3192 2034 3240 Cicero
2054 3193 2143 3241 ista

387 3264 481 3296 non
501 3249 663 3310 probat
679 3249 738 3294 ab
757 3248 859 3295 aliis
875 3249 1012 3295 dicta.
1045 3248 1116 3295 cf.
1139 3250 1322 3301 Quinct.
1345 3253 1388 3308 6,
1410 3253 1453 3296 3.
1475 3254 1547 3297 55.

447 3328 547 3381 Qua·
565 3328 805 3376 Lucilium
819 3342 902 3385 pro
921 3327 1131 3390 Horatio]
1192 3329 1252 3376 V.
1279 3329 1461 3381 Quinct.
1490 3332 1559 3385 10,
1584 3333 1624 3386 1,
1643 3333 1718 3378 93.

450 3408 547 3455 'Ilui
567 3408 771 3469 Aufidii]
834 3407 907 3455 De
928 3407 1115 3467 Aufidio
1152 3407 1286 3454 Basso
1313 3415 1362 3455 et
1389 3408 1581 3457 Servilio
1607 3409 1818 3461 Nom’aem
1838 3408 1929 3456 vid.
1952 3408 2136 3461 uuiaet.

391 3471 461 3524 10,
487 3471 525 3524 l,
553 3471 647 3516 102.
677 3470 773 3515 103.
840 3467 911 3514 De
933 3468 1017 3513 hoc
1037 3468 1175 3513 etiam
1197 3483 1330 3528 supra
1358 3474 1409 3516 A.
1438 3472 1505 3524 14,
1532 3472 1599 3517 19.

446 3546 657 3596 Sisennae
674 3551 760 3594 aut
784 3545 1020 3608 Varronis]
1084 3545 1157 3594 De
1177 3545 1265 3594 isto
1285 3547 1378 3594 Cic.
1404 3547 1450 3594 in
1472 3546 1615 3594 Bruto
1631 3550 1703 3595 64.
