2532 4164
516 302 615 372 92
1045 321 1219 368 rvmx
1273 319 1515 368 Acme.
1567 319 1744 370 vr‘rA

512 475 874 543 commistae,
918 477 1209 547 proximos
1257 494 1512 551 quosque
1566 478 1834 533 caedere.
1878 492 1951 533 ac
1986 479 2262 555 plerique

511 578 862 641 semineces,
890 584 987 631 aut
1030 576 1260 647 integri,
1312 577 1690 632 festinatione
1742 578 2046 643 victoriae,
2089 580 2263 638 relin-

511 677 850 749 quebantur.
936 676 1179 730 Interim
1228 675 1486 747 equitum
1530 683 1754 731 turmae
1816 676 2059 748 fugere„
2096 679 2262 736 covi-

508 774 659 831 narii
730 774 985 845 peditum
1033 791 1098 829 se
1150 776 1373 845 proelio
1419 776 1720 829 miscuere.
1777 782 1854 840 et,
1909 793 2259 850 quamquam

507 882 807 931 recentem
837 879 1110 928 terrorem
1143 874 1480 938 intulerant,
1508 874 1708 929 densis
1759 882 1955 929 tamen
2001 876 2258 934 bostium

506 971 836 1045 agminibus
864 977 924 1027 et
953 971 1357 1044 inaequalibus
1386 972 1532 1027 locis
1584 972 1905 1028 haerebant
1931 992 1945 1027 ι
1988 973 2256 1031 minime·

504 1088 616 1145 que
661 1071 942 1143 equestris
973 1087 1044 1126 ea
1095 1086 1321 1142 pugnae
1365 1070 1716 1142 facieserat,
1759 1088 1894 1128 cum
1942 1089 2116 1145 aegre
2147 1073 2248 1131 diu

502 1174 743 1234 stantes,
772 1171 944 1225 simul
993 1187 1266 1243 equorum
1314 1170 1650 1241 corporibus
1703 1170 2138 1241 inpellet-entur,
2179 1187 2253 1228 ac

502 1285 680 1340 saepe
712 1268 846 1341 vagi
874 1284 1091 1334 currus,
1142 1268 1410 1324 exterriti
1453 1269 1581 1324 sine
1633 1269 1956 1324 rectoribus
1996 1270 2151 1342 equi,
2192 1274 2257 1327 ut

501 1385 786 1441 quemque
836 1367 1083 1424 formido
1131 1369 1360 1433 tulerat,
1437 1373 1817 1433 transversos,
1883 1373 1983 1424 aut
2039 1367 2252 1425 obvios

501 1465 900 1523 incursabant.

396 1572 480 1635 37
586 1566 661 1622 Et
712 1564 1003 1630 Britanni,
1058 1563 1156 1639 qui
1198 1565 1388 1621 adbuc
1432 1581 1660 1637 pugnae
1714 1573 1988 1637 expertes
2028 1579 2254 1621 summa

502 1663 742 1720 collium
798 1663 1151 1730 insederant,
1217 1671 1279 1719 et
1347 1664 1700 1736 paucitatem
1764 1671 2086 1719 nostrorum
2152 1680 2252 1719 va-

502 1763 599 1821 cui
652 1764 1025 1835 spernebant,
1094 1762 1336 1836 degredi
1412 1763 1735 1833 paullatim,
1803 1767 1864 1817 et
1936 1761 2251 1818 circumire

502 1866 667 1935 terga
735 1860 1102 1918 vincentium
1154 1868 1514 1933 coeperant:
1584 1862 1647 1917 ni
1710 1860 1960 1932 idipsum
2026 1862 2248 1917 veritus

501 1961 805 2034 Agricola,
858 1966 1102 2033 quatuor
1166 1961 1422 2030 equitum
1492 1962 1632 2025 alas,
1700 1960 1772 2014 ad
1842 1958 2033 2014 subita
2105 1960 2245 2017 belli

501 2066 777 2125 retentas,
821 2059 1194 2117 venientibus
1219 2059 1601 2132 opposuisset,
1626 2064 1955 2133 quantoque
1998 2058 2247 2117 ferocius

501 2152 904 2225 nccurrerant,‘
917 2164 1080 2215 tanto
1127 2159 1317 2215 acrius
1347 2161 1539 2231 pulsos
1568 2158 1629 2214 in
1675 2157 1865 2232 fugam
1895 2158 2245 2216 disiecisset.

502 2257 597 2316 lta
634 2257 944 2314 consilium
995 2257 1404 2313 Britannorum
1434 2258 1495 2313 in
1544 2257 1700 2328 ipsos
1752 2273 2018 2313 versum:
2065 2262 2246 2314 trans·

502 2363 826 2429 vectaeque
857 2363 1166 2427 praecepto
1194 2356 1382 2413 Ducis
1404 2372 1440 2411 a
1467 2354 1654 2412 fronte
1684 2355 2063 2429 pugnantium
2094 2357 2245 2427 alae,

561 2507 784 2569 meum
831 2513 1004 2556 tumme
1033 2509 1080 2566 s
1137 2511 1225 2569 ere]
1290 2508 1380 2555 Hic
1416 2508 1529 2555 nihil
1578 2522 1674 2555 esse
1712 2507 1828 2564 vitii,
1878 2508 1956 2554 sed
2004 2509 2243 2569 plurimum

500 2568 801 2617 Cornelianae
822 2569 1055 2614 brevitatis
1083 2583 1112 2612 o
1163 2574 1294 2613 ervat
1326 2569 1492 2614 lllustr.
1529 2568 1732 2614 Huetius.
1796 2567 1991 2622 Scilicet,
2015 2569 2242 2629 utrimque

500 2642 693 2691 pugnam
714 2642 902 2698 coepere
932 2628 1130 2687 pedites:
1162 2629 1308 2672 fracto
1331 2627 1642 2673 Britannorum
1674 2627 1817 2688 primo
1835 2625 2024 2684 ag'mine,
2055 2630 2173 2688 quod
2195 2629 2247 2673 in

499 2702 647 2757 nequo
664 2693 940 2739 constiterat,
973 2686 1140 2731 auxilia
1172 2687 1654 2732 Romanorumn-aciem
1687 2687 1729 2730 in
1750 2686 1888 2731 colles
1908 2700 2102 2732 erexere.
2169 2687 2243 2733 In-

499 2752 632 2793 terim
673 2746 975 2792 Romanorum
1016 2745 1212 2806 equitum
1259 2751 1449 2798 turmae,
1480 2748 1598 2790 'cum
1650 2744 1963 2791 Britannorum
2002 2745 2243 2792 covinariis

499 2819 775 2864 congressae,
824 2820 901 2851 eos
949 2805 1164 2850 sustinere
1212 2819 1300 2850 non
1348 2805 1601 2855 voluerunt,
1643 2803 1833 2863 ideoque
1879 2805 2046 2861 sugere.
2110 2805 2241 2850 Tunc

498 2864 733 2917 covinarii,
763 2869 811 2910 et
841 2878 918 2910 eos
951 2865 1089 2909 secuti
1124 2863 1296 2924 equites
1329 2864 1553 2915 Britanni,
1587 2864 1764 2924 superbi
1794 2863 1928 2924 quod,
1960 2864 2115 2921 fugato
2145 2863 2241 2910 Ro·

496 2938 728 2971 manorum
750 2925 966 2984 equitatu,
988 2928 1206 2967 terrorem
1228 2923 1497 2977 intulissent,
1557 2923 1729 2968 editum
1748 2937 1794 2966 se
1815 2923 1988 2982 proelio
2008 2922 2237 2968 miscuere.

496 2983 564 3032 At
587 2983 791 3033 Romani,
822 2981 896 3042 qui
919 2983 1124 3040 primum,
1159 2981 1354 3027 diductis
1388 2982 1534 3027 ordini
1569 2997 1632 3035 us,
1665 2981 1950 3035 incesserant,
1972 2995 2026 3027 ne
2055 2982 2239 3027 circum·

496 3045 771 3094 venirentur,
793 3050 911 3094 tune,
933 3041 1130 3086 densatis
1149 3041 1411 3098 agminibus,
1442 3042 1713 3100 pugnabant,
1735 3046 1784 3085 ut
1804 3042 1945 3086 acrius
1966 3040 2236 3085 resisterent.

497 3101 658 3161 ltaque
703 3098 850 3162 'neque
898 3100 1131 3153 covinarii,
1194 3114 1338 3158 neque
1397 3102 1571 3160 equites
1620 3098 1823 3145 Britanni
1873 3113 1949 3144 eos
2001 3107 2240 3159 perietrare

492 3167 712 3220 potuere:
765 3165 1000 3220 praeterea
1035 3158 1346 3220 inaequalibus
1391 3160 1499 3204 locis
1548 3158 1807 3205 haerebant.
1875 3159 2008 3205 Unde
2054 3159 2237 3204 minime

495 3218 714 3280 equestris
748 3232 803 3263 ea
840 3232 1013 3279 pugnae
1056 3218 1189 3264 facies
1224 3218 1321 3268 fuit.
1358 3233 1457 3264 cum
1487 3218 1704 3264 covinarii
1735 3225 1783 3263 et
1813 3217 1985 3278 equites
2017 3217 2238 3274 Britanni,

492 3292 629 3337 tegre
647 3277 766 3323 clivo
783 3282 968 3331 stantes,
997 3276 1126 3322 simul
1146 3291 1244 3323 cuni
1261 3292 1474 3337 equorum
1495 3276 1751 3337 corporibus
1782 3276 2149 3336 impellerentur3
2180 3290 2236 3322 ac

494 3352 627 3397 saepe
649 3336 747 3395 vagi
764 3351 930 3390 currus,
961 3337 1162 3382 exterriti
1192 3337 1288 3382 sine
1318 3336 1561 3382 rectoribus
1591 3337 1709 3397 equi,
1740 3344 1788 3381 et
1808 3350 2025 3396 quemque
2043 3335 2236 3381 formido

493 3396 679 3452 tulerat,
700 3400 989 3451 transversos,
1010 3400 1089 3440 anit
1108 3395 1262 3441 obvios
1283 3395 1578 3441 incursabant.

493 3476 651 3582 “glut
677 3474 839 3536 obvios]
903 3475 1216 3531 Transversos,
1258 3479 1339 3520 aut
1370 3473 1528 3521 obvios
1568 3474 1741 3536 equites
1768 3471 2105 3533 covinariosque
2134 3469 2233 3518 Bri·

576 3548 669 3580 nos.

556 3612 719 3675 Vacui]
780 3611 899 3666 Quia
916 3627 1090 3675 pugnae
1109 3616 1331 3674 expertes.

1980 3667 2007 3687 Q
