2532 4164
415 254 554 322 126
756 275 850 320 m:
905 272 1361 321 onuomnvs
1415 272 1773 332 nritocvs
1833 281 1839 288 ·

407 446 576 504 quam
613 428 771 495 Afer,
797 433 895 484 aut
951 426 1283 495 Africanus,
1319 433 1420 484 aut
1469 444 1575 485 vos
1603 425 1717 500 ipsi
1764 444 1800 484 a
1849 424 2144 485 Cicerone

407 536 502 584 aut
547 527 752 583 Asinio
772 526 1110 582 recessistis.

309 629 385 685 16
491 626 789 699 Magnam,
831 625 1014 697 inquit
1069 624 1398 689 Secundus,
1467 628 1529 680 et
1592 623 1830 697 dignam
1895 629 2148 682 tractatu

407 724 802 797 quaestionem
846 724 1098 779 movisti.
1154 724 1256 778 sed
1312 721 1440 795 quis
1481 740 1610 778 eam
1653 724 1856 779 iustius
1885 724 2146 795 explica-

411 823 580 885 verit,
619 838 787 895 qunm
832 829 910 885 tu,
971 822 1042 877 ad
1100 821 1264 878 cuius
1319 838 1602 877 summam
1657 822 2043 880 eruditionem
2086 826 2168 891 et,

409 920 963 994 praestantissimum
1005 919 1304 993 ingenium
1333 937 1472 977 cura
1499 938 1723 995 quoque
1754 926 1814 977 et
1844 920 2148 977 meditatio

410 1016 702 1076 accessit?

323 1105 328 1110 ’
489 1118 568 1174 Et
601 1116 872 1183 Messala,
900 1115 1174 1189 aperiam,
1195 1116 1404 1191 inquit,
1444 1116 1834 1191 cogitationes
1876 1133 2054 1182 meas,
2092 1115 2145 1173 si

410 1217 554 1272 illud
584 1233 616 1271 a
651 1216 814 1271 vobis
844 1198 979 1272 ante
1029 1216 1421 1287 inpetravero,
1452 1223 1513 1273 ut
1545 1234 1647 1272 vos
1676 1232 1900 1290 quoque
1928 1232 2145 1273 sermo·

411 1334 546 1373 nem
577 1318 728 1373 hunc
759 1325 1014 1373 nostrum
1043 1316 1353 1372 adiuvetis.

481 1416 607 1472 .Pro
653 1417 892 1479 duobus,
938 1414 1120 1488 inquit
1175 1414 1493 1478 Maternus,
1539 1414 1827 1486 promitto.
1909 1430 2043 1470 nam
2084 1417 2147 1472 ct

412 1532 522 1587 ego
544 1521 600 1569 et
634 1510 935 1569 Secundus
957 1531 1339 1585 exsequemur
1368 1510 1744 1587 partes‚'quas
1787 1511 2145 1569 intellexeri-

413 1611 557 1676 mu's,
613 1618 670 1668 te
721 1630 837 1668 non
895 1617 1011 1668 tam
1068 1612 1352 1674 omisisse,
1398 1629 1568 1684 quum
1618 1613 1784 1668 nobis
1826 1611 2145 1685 reliquisse.

414 1713 640 1780 Aprum
657 1710 814 1766 enim
831 1713 1017 1766 sotere
1034 1710 1362 1776 dissentire,
1382 1718 1439 1766 et
1463 1718 1525 1767 tu
1547 1712 1740 1782 paullo
1762 1717 1898 1767 ante
1921 1710 2145 1777 dixisti,

413 1815 473 1866 et
501 1810 625 1881 ipse
652 1810 793 1866 satis
823 1809 1176 1874 manifestus,
1220 1810 1550 1865 iamdudum
1581 1810 1640 1870 in
1670 1810 2020 1866 contrarium
2050 1826 2146 1866 ac-

413 1908 593 1981 cingi,
644 1925 754 1965 nec
790 1926 976 1982 aequo
1019 1909 1215 1964 animo
1260 1908 1508 1979 perferre
1556 1909 1711 1965 hanc
1759 1915 2013 1965 nostram
2040 1924 2144 1982 pro

413 2007 772 2080 antiquorum
805 2009 972 2063 laude
994 2006 1386 2063 concordiam.

493 2108 631 2163 Non
662 2109 837 2170 enim,
869 2107 1054 2180 inquit
1088 2109 1266 2179 Aper,
1313 2106 1633 2164 inauditum
1676 2112 1736 2165 et
1779 2107 2146 2171 indefensum

411 2208 706 2262 saeculum
762 2213 1016 2262 nostrum
1074 2205 1259 2277 patiar
1315 2205 1425 2261 hac
1479 2214 1669 2261 vestra
1711 2204 2144 2277 conspiratione

409 2305 689 2360 damnari.
775 2306 892 2363 Sed
920 2305 1032 2361 hoc
1063 2304 1306 2375 primurn
1333 2303 1717 2378 interrogabo,
1747 2323 1888 2379 quos
1915 2305 2141 2364 vocetis

412 2404 689 2477 antiquae,
744 2420 916 2475 quam
980 2413 1265 2459 oratorum
1334 2411 1587 2459 aetatem
1653 2403 1981 2476 signatione
2030 2394 2167 2463 istu

411 2499 854 2558 determinetis?
894 2502 1021 2574 Ego
1048 2503 1206 2558 enim
1243 2519 1377 2559 cum
1427 2502 1600 2559 audio
1643 2503 1932 2576 antiquos,
1982 2520 2145 2577 quos·

409 2600 544 2656 dam
577 2608 802 2656 veteres
830 2608 889 2656 et
915 2601 1054 2656 otim
1087 2609 1252 2658 natos
1282 2601 1585 2674 intellig03
1626 2619 1697 2658 ac
1739 2604 1883 2658 mihi
1915 2621 2146 2665 versen-

412 2684 503 2755 tur
530 2706 666 2754 ante
694 2701 892 2755 oculos
916 2700 1165 2772 Viysses
1183 2708 1242 2755 et
1275 2702 1327 2756 N
1336 2708 1510 2787 estor,
1533 2719 1768 2774 quorum
1798 2708 1958 2757 aetas
1982 2702 2144 2758 mille

411 2797 531 2854 sere
556 2804 617 2854 et
660 2798 935 2854 trecentis
965 2799 1133 2855 annis
1178 2803 1476 2857 saeculum
1512 2808 1767 2856 nostrum
1796 2795 2098 2856 entecedit
2126 2819 2141 2855 ε

412 2915 519 2954 vos
573 2905 763 2954 autem
821 2899 1283 2983 Demosthenem
1337 2905 1397 2955 et
1456 2900 1815 2972 Hyperidem
1859 2899 2143 2972 profertis,

412 3014 551 3070 quos
581 2996 719 3053 satis
750 3005 979 3053 constat
1022 2995 1283 3070 Philippi
1311 3004 1368 3054 et
1426 2999 2143 3072 Alexandri-temporibus

411 3095 705 3152 floruisse:
748 3096 832 3153 ita
883 3102 1096 3162 tamen,
1153 3103 1214 3152 ut
1266 3097 1489 3171 utrique
1538 3097 1876 3169 superstites
1925 3102 2140 3152 essent.

410 3192 506 3250 Ex
536 3211 649 3269 quo
679 3201 938 3267 apparet,
973 3214 1088 3251 non
1120 3197 1302 3251 mutto
1331 3198 1540 3268 plures,
1568 3214 1736 3270 quam
1766 3196 2147 3270 quadringen-

467 3347 618 3400 Quam
638 3350 753 3407 Aser
768 3351 866 3409 aut]
929 3349 988 3397 V.
1021 3348 1176 3401 Quint.
1211 3352 1281 3405 10,
1318 3354 1357 3407 l,
1394 3353 1490 3398 118.
1555 3351 1627 3398 De
1655 3351 1816 3398 Asinio
1845 3351 2050 3397 Pollione
2079 3349 2140 3397 ib.

412 3410 508 3454 113.
533 3415 726 3475 etsupra
749 3424 786 3454 c.
817 3412 881 3456 12.

469 3486 571 3532 Non
605 3487 938 3547 mutto-plures]
1004 3488 1136 3533 Anno
1174 3486 1348 3546 imperii
1387 3487 1650 3549 Vespasiani
1690 3494 1815 3535 sexto
1854 3487 2034 3534 habitus
2073 3487 2146 3533 hic

405 3560 576 3594 sermo:
625 3547 713 3593 hoc
742 3555 826 3606 est,
866 3560 986 3595 anno
1023 3547 1081 3594 V.
1124 3547 1178 3594 C.
1219 3550 1320 3595 828.
1385 3549 1429 3595 is
1468 3549 1625 3596 incidit
1660 3549 1706 3595 in
1741 3563 1902 3595 anuum
1936 3551 2143 3608 quartum
