2532 4164
1047 283 1203 330 cAP.
1258 260 1326 328 8.
1380 259 1449 329 9.
1656 281 1663 286 ·
1892 343 1917 352 ᾳ
1965 260 2102 327 117

366 439 529 511 cipes
556 438 618 495 in
651 437 922 495 Caesar-Is
972 437 1252 505 amicitia,
1310 442 1488 512 agunt
1532 436 1843 509 feruntque
1870 440 2105 504 cuncta,

365 543 538 611 atque
567 540 641 594 ab
671 536 798 608 ipso
842 537 1117 609 Principe
1166 551 1301 595 cum
1347 538 1593 610 quadam
1623 535 1947 592 reverentis
1977 529 2104 591 dili-

365 643 616 711 guntur:
660 636 793 710 quia
823 636 1244 707 Vespasianus,
1288 636 1643 692 venerabilis
1691 633 1873 691 senex
1904 638 1966 690 et
2009 648 2105 705 pa-

362 735 743 793 tientissimus
814 734 922 803 vir,
969 733 1145 792 'bene
1214 735 1512 809 intelligit,
1578 741 1805 791 ceteros
1870 731 2103 807 quidem

362 836 583 892 amicos
632 852 762 890 suos
792 834 899 891 niti
931 834 1023 901 iis,
1067 851 1213 908 quae
1263 836 1338 891 ab
1386 833 1514 906 ipso
1539 833 1893 906 acceperint,
1933 848 2121 903 quae<

363 952 473 1007 que
503 933 614 1008 ipsi
642 935 1009 991 adcumulare
1038 939 1097 990 et
1149 933 1209 990 in
1239 933 1385 990 alios
1414 950 1727 1006 congerere
1778 937 2101 1004 promptum

361 1039 485 1088 est:
531 1032 876 1089 Marcellum
907 1038 1100 1088 autem
1130 1038 1191 1089 et
1218 1032 1508 1104 Crispum,
1558 1031 1836 1087 adtulisse
1866 1032 1939 1086 ad
1963 1029 2101 1091 ami·

362 1131 564 1188 citiam
594 1135 775 1195 suam,
817 1132 964 1204 quod
1011 1149 1125 1187 non
1176 1148 1209 1186 a
1260 1129 1534 1202 Principe
1583 1130 1941 1202 acceperint,
1989 1146 2101 1187 nec

360 1231 556 1303 accipi
609 1230 805 1303 possit.
894 1230 1204 1287 Minimum
1245 1230 1400 1286 inter
1452 1234 1538 1285 tot
1583 1245 1651 1289 ac
1703 1235 1862 1284 tanta
1910 1231 2100 1285 locum

361 1330 622 1387 obtinent
655 1329 939 1402 imagines
992 1346 1062 1386 ac
1117 1329 1269 1386 tituli
1311 1335 1369 1386 et
1418 1333 1660 1394 statuae,
1710 1345 1857 1401 quae
1913 1345 2102 1400 neque

361 1429 486 1501 ipsa
542 1433 738 1485 tamen
789 1429 1177 1501 negliguntur,
1229 1406 1366 1485 tam·
1407 1426 1682 1493 Hercule,
1732 1442 1901 1500 quam
1950 1413 2101 1483 ‹livi-

360 1528 478 1583 tise
518 1535 577 1583 et
627 1544 787 1600 opes,
837 1544 977 1602 quas
1027 1526 1253 1584 facilius
1302 1526 1595 1594 invenies,
1643 1526 1740 1600 qui
1790 1526 2101 1599 vituperet,

362 1643 530 1700 quam
558 1628 656 1701 qui
706 1626 979 1684 fastidiat.
1065 1629 1175 1685 His
1217 1628 1393 1701 igitur
1439 1632 1502 1684 et
1552 1625 1863 1683 h‘onorihus
1906 1633 1967 1683 et
2015 1644 2100 1683 or·

361 1726 649 1783 numentis
701 1735 761 1783 et
810 1727 1181 1784 facultatibus
1231 1727 1468 1783 refertas
1523 1727 1724 1783 domos
1773 1741 1967 1782 eorum
2014 1726 2099 1783 vi·

360 1825 579 1904 demus,
609 1826 708 1899 qui
737 1843 799 1882 se
831 1826 905 1882 ab
950 1826 1193 1884 ineunte
1221 1824 1618 1884 adolescentia
1647 1822 1869 1881 caussis
1914 1824 2097 1883 foren-

355 1923 510 1981 sibus
538 1931 598 1981 et
629 1925 882 1982 oratorio
902 1926 1095 1982 studio
1121 1926 1424 1983 dederunt.
1855 1924 1867 1936 ⁰

437 2024 593 2081 Nam
622 2025 882 2082 carmina
912 2031 971 2082 et
1013 2043 1233 2092 versus,
1276 2024 1478 2100 quibus
1534 2027 1714 2080 totam
1760 2022 1942 2078 vitam
1971 2022 2157 2090 Ilia-9

360 2130 556 2181 ternus
586 2125 880 2182 insumere
933 2133 1093 2198 optat
1123 2122 1287 2201 (inde
1317 2126 1475 2181 enim
1522 2124 1712 2181 omnis
1760 2123 1929 2181 fluxit
1973 2137 2095 2178 ora·

356 2220 467 2297 tio)
495 2242 684 2298 neque
701 2224 1047 2298 dignitatem
1067 2227 1242 2282 ullam
1264 2224 1593 2281 auctoribus
1618 2224 1735 2280 suis
1753 2221 2094 2289 conciliant,

355 2340 542 2396 neque
594 2324 874 2380 utilitates
928 2326 1121 2381 alunt:
1185 2327 1542 2395 voluptatem
1590 2330 1785 2380 autem
1829 2320 2093 2387 brevem,

354 2423 584 2479 laudem
615 2423 850 2480 inanem
878 2429 938 2480 et
961 2423 1374 2481 infructuosam
1397 2429 1840 2497 consequuntur.
1920 2420 2093 2480 Licet

352 2520 500 2579 haec
529 2522 675 2595 ipsa,
704 2528 763 2579 et
791 2542 937 2596 quae
967 2524 1179 2579 deinde
1225 2524 1483 2580 dicturus
1537 2540 1682 2587 sum,
1728 2538 1893 2577 aures
1942 2527 2093 2584 tuae,

357 2619 648 2688 Materne,
678 2630 966 2697 respuant,
994 2623 1091 2680 cui
1121 2625 1274 2680 bono
1301 2628 1407 2687 est,
1437 2623 1488 2680 si
1516 2626 1667 2695 apud
1698 2629 1753 2681 te
1785 2622 2095 2695 Agamem-

355 2738 471 2777 non
524 2727 619 2777 aut
664 2722 837 2778 Iason
893 2724 1107 2779 diserte
1159 2720 1454 2796 loquitur?
1493 2725 1620 2796 quis
1676 2724 1811 2781 ideo
1860 2728 2092 2783 domum

351 2818 619 2876 defensus
652 2820 755 2877 tibi
784 2821 1072 2895 obligatus
1104 2817 1294 2879 redit?
1339 2822 1483 2892 Quis
1517 2823 1775 2880 Saleium
1821 2831 2095 2898 nostrum,

354 2918 647 2992 egregium
679 2927 927 2992 poetam,
953 2924 1070 2986 vel,
1099 2921 1150 2977 si
1175 2923 1284 2977 hoc
1305 2921 1780 2979 honorificentius
1802 2929 1911 2991 est,
1935 2942 2095 2997 prae-

354 3016 737 3075 clarissimum
787 3026 981 3076 vatem
1037 3019 1296 3085 deducit,
1350 3028 1446 3076 aut
1497 3023 1728 3085 salutat,
1778 3029 1875 3078 aut
1906 3041 2093 3094 prose·

350 3113 588 3189 quitur?
627 3118 878 3190 Nempe,
933 3118 984 3174 si
1037 3119 1258 3175 amicus
1315 3118 1459 3183 eius,
1512 3120 1562 3174 si
1618 3120 1985 3194 propinquus,
2040 3121 2093 3180 si

355 3214 606 3288 denique
635 3216 759 3288 ipse
789 3217 849 3272 in
886 3218 1117 3292 aliquod
1162 3219 1458 3292 negotium
1502 3218 1794 3283 inciderit,
1837 3222 1907 3275 ad
1940 3221 2095 3277 hunc
2173 3232 2176 3239 ’

355 3315 690 3371 Secundum
723 3312 992 3383 recurret,
1021 3335 1137 3374 non
1168 3319 1238 3374 ad
1271 3324 1346 3384 te,
1401 3317 1688 3384 Materne,
1737 3319 1871 3392 quia
1920 3325 2094 3391 poeta

354 3430 434 3480 es,
485 3432 673 3486 neque
726 3423 784 3471 ut
836 3432 938 3487 pro
982 3433 1055 3472 eo
1104 3435 1306 3473 versus
1357 3416 1569 3472 facias:
1615 3417 1675 3472 hi
1703 3417 1881 3474 etiam
1912 3418 2102 3474 Basso

349 3507 509 3572 domi
540 3520 873 3583 nascuntur,
901 3516 1086 3590 pulcri
1134 3517 1369 3591 quidem
1422 3523 1483 3573 et
1531 3515 1811 3574 iucundi:
1856 3533 2095 3593 quorum
