2532 4164
450 242 593 308 wo
914 258 1089 307 1vm1
1140 260 1384 309 Acme.
1434 260 1610 311 vri-A

443 414 674 473 facilius
702 413 1089 472 dissimularet
1136 415 1428 489 gaudium,
1480 433 1651 490 quam
1696 420 1934 474 metum.
2022 418 2184 476 Satis

444 514 767 579 constabat,
811 515 967 570 lecto
1022 509 1375 571 testamento
1426 515 1762 588 Agricolae,
1792 533 1905 590 quo
1951 518 2188 575 cohere-

446 614 579 671 dem
609 615 863 684 optimae
905 613 1072 668 uxori
1114 622 1174 668 et
1221 612 1518 685 piissimae
1568 614 1721 669 filiae
1778 616 2184 677 Domitianum

446 712 695 784 scripsit,
729 714 1002 768 laetatum
1033 729 1182 777 eum,
1215 715 1376 767 velut
1412 713 1627 769 honore
1668 712 2015 787 iudicioque.
2061 721 2181 769 tam

446 828 624 867 coeca
655 819 713 866 et
742 816 1021 883 conrupta
1052 828 1213 867 mens
1262 810 1518 868 adsiduis
1567 811 1993 868 adulationibus
2035 817 2180 875 erat,

448 915 506 966 ut
541 911 809 973 nesciret,
839 927 871 963 a
929 912 1081 965 bono
1130 916 1290 982 patre
1341 927 1457 967 non
1508 908 1683 965 scribi
1729 910 2022 977 heredem,
2068 909 2186 967 nisi

448 1011 662 1064 malum
695 1008 1043 1079 Principem.

345 1108 428 1166 44
534 1108 719 1162 Natus
761 1113 882 1163 erat
940 1107 1234 1179 Agricola,
1286 1106 1435 1163 Caio
1486 1106 1738 1163 Caesare
1768 1106 1998 1162 tertium
2031 1106 2183 1164 Con·

449 1210 591 1272 sule,
638 1207 784 1261 idib.
833 1206 1048 1262 Iuniis:
1092 1206 1347 1263 excessit
1397 1214 1567 1262 sexto
1611 1213 1666 1261 et
1697 1205 2175 1279 quinquagesimo

446 1322 622 1369 annu,
674 1305 906 1362 decimo
963 1305 1085 1360 Kal.
1135 1307 1527 1373 Septembres,
1557 1306 1804 1376 Collega
1865 1305 2180 1376 Priscoque

453 1423 609 1461 0088.
696 1403 862 1474 Quod
919 1404 967 1459 si
1020 1404 1278 1459 habitum
1335 1420 1558 1474 quoque
1607 1402 1729 1458 eius
1780 1401 1993 1474 posteri
2056 1417 2184 1457 nos-

451 1520 584 1560 cere
646 1503 848 1564 velint,
908 1502 1210 1557 decentior
1270 1518 1439 1573 quam
1504 1500 1800 1557 sublimior
1862 1500 1984 1556 suit.
2046 1498 2193 1556 nihil

453 1606 637 1659 metus
667 1601 726 1655 in
761 1603 955 1655 vultu:
994 1600 1178 1673 gratia
1208 1599 1324 1655 oris
1373 1605 1684 1671 supererat.
1735 1599 1948 1656 bonum
1994 1599 2184 1656 virum

452 1699 624 1755 facile.
666 1700 948 1762 crederes,
993 1715 1261 1769 magnum
1321 1698 1583 1754 libenter.
1664 1698 1741 1754 Et
1770 1698 1894 1770 ipse
1935 1698 2192 1771 quidem,

452 1814 792 1872 quamquam
850 1797 1041 1852 medio
1094 1795 1153 1852 in
1204 1796 1393 1867 spatio
1447 1794 1708 1868 integrae
1765 1796 1973 1852 aetatis
2029 1812 2193 1869 erep-

454 1903 563 1960 tus,
591 1909 865 1971 quantum
895 1898 965 1952 ad
996 1895 1257 1967 gloriam,
1280 1894 1675 1967 longissimum
1703 1912 1914 1951 aevum
1940 1892 2185 1968 peregit.

458 1996 688 2068 Quippe
718 2003 775 2051 et
808 2013 944 2052 vera
995 1995 1164 2061 bona,
1218 2012 1365 2067 quae
1414 1993 1475 2048 in
1528 1993 1837 2049 virtutibus
1882 1993 1994 2049 sita
2040 1996 2193 2063 sunt,

456 2096 804 2169 inpleverat,
853 2101 913 2152 et
958 2093 1371 2152 consularibus
1421 2110 1491 2149 ac
1537 2093 1976 2162 triumphalibus
2028 2110 2194 2149 orna-

459 2195 669 2253 mentis
700 2195 979 2267 praedito‚
1009 2193 1143 2266 quid
1173 2192 1328 2249 aliud
1360 2193 1652 2248 adstruere
1677 2191 1901 2248 fortuna
1927 2187 2198 2262 poterat?

462 2294 682 2365 Opibus
712 2291 906 2348 nimiis
936 2309 1052 2347 non
1098 2292 1423 2363 gaudebam
1463 2292 1765 2362 speciosae
1805 2291 2198 2361 contigerant.

458 2391 580 2451 filia
624 2395 795 2464 atque
844 2408 1021 2446 uxore
1070 2389 1486 2461 superstitibus,
1529 2394 1717 2462 potest
1759 2390 1947 2447 videri
2019 2390 2198 2446 etiam

461 2493 706 2559 heatus3
773 2489 1050 2546 incolumi
1118 2489 1424 2561 dignitate,
1480 2489 1721 2545 florente
1791 2489 1961 2556 fama,
2015 2488 2198 2544 salvis

464 2590 855 2648 adfinitatibus
922 2594 982 2644 et
1042 2587 1339 2654 amicitiis,
1396 2588 1581 2643 futura
1649 2587 1935 2660 effugisse.
2023 2588 2199 2653 Nam,

465 2688 637 2746 sicuti
718 2686 1037 2744 durare-in
1104 2687 1213 2742 hac
1262 2685 1582 2742 beatissimi
1632 2687 1853 2743 saeculi
1913 2688 2062 2751 luce,
2127 2702 2198 2741 ac

466 2787 801 2860 Principem
848 2786 1170 2843 Traianum
1199 2785 1420 2851 videre,
1463 2786 1711 2858 quodam
1755 2784 1993 2859 augurio
2025 2783 2202 2840 votis-

526 2961 714 3007 Durarc
732 2959 783 3007 in
812 2960 1067 3020 hnc-luce]
1133 2959 1305 3006 Melius
1325 2959 1377 3004 in
1394 2959 1508 3005 hanc
1532 2960 1694 3006 lucem.
1759 2959 1919 3004 Sensus
1937 2962 2087 3004 autem
2106 2962 2195 3004 est:

467 3035 568 3067 nam
605 3020 779 3065 sicutin
814 3020 869 3065 iis
889 3019 1171 3078 iniquissimis
1206 3018 1451 3065 Domitiani
1484 3018 1756 3078 temporibus
1793 3018 1962 3075 grande
1993 3018 2203 3065 solatium

465 3079 638 3126 serebat
657 3080 819 3124 durare
839 3079 882 3125 in
905 3079 1019 3124 hanc
1039 3077 1282 3124 beatissimi
1303 3077 1468 3123 saeculi
1499 3077 1658 3131 lucem,
1679 3092 1731 3122 ac
1762 3076 2008 3136 Principem
2045 3076 2205 3133 Traja-

466 3153 570 3184 num
594 3139 762 3189 videre,
794 3138 910 3197 quod
943 3135 1127 3194 augurio
1165 3137 1370 3195 votisque
1407 3137 1526 3195 apud
1551 3141 1722 3181 nostras
1743 3149 1871 3180 aures
1892 3135 2204 3192 ominabatur;

468 3198 534 3242 ita
554 3211 727 3256 quoque
747 3196 984 3242 festinatae
1004 3195 1155 3241 mortis
1185 3195 1355 3252 grande
1375 3195 1580 3241 solatium
1600 3194 1703 3241 tulit
1724 3194 1918 3239 evasisse
1933 3202 2204 3254 postremum

468 3255 579 3302 illud
629 3262 816 3314 tempus,
855 3268 945 3314 quo
983 3254 1277 3306 Domitianus,
1318 3268 1403 3299 non
1430 3253 1525 3310 jam
1564 3268 1644 3313 per
1673 3253 1915 3299 intervalla
1965 3267 2017 3297 ac
2065 3253 2205 3321 spira-

468 3321 923 3419 menta-semporum,
962 3314 1040 3359 sed
1083 3312 1311 3368 continu0,
1350 3319 1398 3357 et
1436 3313 1562 3358 velut
1596 3326 1685 3358 uno
1723 3311 1828 3367 icto,
1882 3310 2202 3372 rempublicam

466 3387 519 3419 ex
537 3388 645 3418 lausi
670 3407 682 3419 .

525 3450 738 3508 Auguria
756 3449 961 3509 votisque]
1029 3449 1227 3508 Angurio
1247 3448 1452 3509 votisque
1471 3449 1651 3505 dignum
1688 3464 1737 3495 se
1767 3446 2028 3509 praestabat
2051 3445 2201 3503 Traja

466 3525 562 3571 nus,
583 3511 655 3573 qui
687 3515 859 3571 patrem
880 3508 1075 3556 habebat
1108 3507 1361 3569 patricium,
1401 3510 1693 3567 consularem,
1715 3523 1769 3556 ac
1805 3506 2149 3569 triumphalem,
2176 3519 2204 3551 e
