2532 4164
992 323 1152 371 cn.
1204 303 1325 371 20.
1360 303 1480 371 21.
1650 295 1653 298 ’
1710 291 1713 292 ’
1900 303 1905 308 ’
1961 303 2102 374 133

360 479 482 537 lum
511 477 730 546 audire,
751 478 855 536 sed
884 477 1064 536 etiam
1092 479 1306 536 referre
1353 479 1589 537 domum
1616 477 1832 554 aliquid
1859 478 2104 538 inlustre

359 582 423 636 et
442 578 683 653 dignum
722 578 1002 636 memoria
1032 581 1276 636 volunt:
1318 581 1666 651 traduntque
1713 578 1974 636 invicem
2029 595 2102 638 ac

359 693 536 752 saepe
563 680 627 736 in
655 679 920 735 colonias
970 695 1041 735 ac
1070 678 1409 752 provincias
1457 696 1590 735 suas
1636 679 1918 745 scribunt,
1972 679 2104 736 sive

356 794 564 835 sensus
595 778 801 853 aliquis
830 783 1032 851 arguta
1059 784 1119 834 et
1169 778 1337 834 brevi
1365 777 1659 834 sententia
1687 777 1922 843 effulsit,
1970 777 2103 836 sive

359 880 525 937 locus
553 878 851 953 exquisito
899 883 959 934 et
995 877 1230 950 poetico
1286 880 1447 934 cuttu
1515 876 1740 935 enituit.
1828 877 2105 951 Exigitur
2160 893 2166 898 ·
2205 919 2212 925 -

360 976 519 1038 enim
549 978 666 1034 iam
694 979 768 1034 ab
795 982 1019 1034 oratore
1050 976 1229 1034 etiam
1262 976 1523 1050 poeticus
1570 978 1766 1043 decor,
1794 994 1914 1034 non
1948 975 2105 1034 Attii

359 1082 457 1133 aut
490 1076 737 1134 Pacuvii
793 1083 1038 1134 veterno
1068 1076 1421 1151 inquinatus,
1461 1078 1565 1134 sed
1618 1095 1697 1133 ex
1756 1077 2012 1143 Horatii,
2041 1082 2120 1141 et.

360 1174 719 1249 Virgilihet
763 1178 993 1234 Lucani
1023 1177 1278 1233 sacrario
1322 1179 1597 1249 prolatus.
1683 1177 1906 1235 Horum
1930 1178 2108 1251 igitur

358 1274 587 1333 auribus
639 1281 699 1333 et
754 1276 989 1333 iudiciis
1048 1261 1461 1348 obtemperans
1525 1257 1847 1334 nostrorum
1914 1282 2102 1333 orato·

357 1391 481 1431 rum
511 1380 687 1444 aetas,
718 1375 971 1447 pulcrior
998 1381 1057 1432 et
1085 1376 1347 1432 ornatior
1392 1376 1640 1432 exstitit.
1727 1376 1938 1449 Neque
1966 1375 2103 1433 ideo

356 1473 550 1530 minus
598 1474 869 1531 efficaces
899 1479 1034 1531 sunt
1061 1475 1355 1531 orationes
1387 1480 1637 1541 nostrae,
1661 1474 1794 1549 quia
1823 1476 1895 1531 ad
1933 1491 2102 1531 aures

356 1572 739 1637 iudicantium
767 1590 902 1630 cum
935 1577 1235 1646 voluptate
1278 1573 1648 1646 perveniunt.
1734 1574 1889 1647 Quid
1920 1575 2099 1644 enim,

354 1671 407 1730 si
434 1671 753 1729 infirmiora
777 1673 1009 1735 ‚horum
1066 1679 1388 1745 temporum
1445 1675 1661 1745 templa
1712 1675 1936 1738 credas,
1964 1674 2102 1748 quia

358 1789 477 1829 non
510 1771 635 1829 rudi
663 1777 973 1829 caemento
996 1777 1055 1828 et
1097 1773 1440 1829 informibus
1472 1774 1681 1845 tegulis
1708 1779 2101 1842 exstruuntur,

354 1872 458 1928 sed
488 1889 769 1928 marmore
798 1873 991 1928 nitent
1021 1875 1078 1927 et
1098 1889 1237 1927 auro
1282 1870 1624 1929 radiantur?
2108 1853 2255 1932 A&

433 1970 721 2045 Equidem
761 1970 985 2026 fatebor
1041 1970 1210 2027 vobis
1248 1970 1612 2043 simpliciter,
1655 1988 1748 2027 me
1777 1970 1838 2027 in
1870 1972 2096 2044 quibus·
2119 1986 2196 2044 21

352 2068 489 2127 dam
515 2069 894 2144 antiquorum
924 2069 1027 2126 vix
1060 2069 1253 2136 risum,
1285 2069 1345 2126 in
1375 2070 1715 2144 quibusdam
1767 2076 1962 2127 autem
1992 2069 2099 2128 vix

349 2187 637 2235 somnum,
668 2175 888 2226 tenere.
972 2171 1105 2226 Nec
1161 2187 1337 2226 unum
1378 2171 1453 2226 de
1505 2173 1715 2243 populo
1773 2170 2095 2229 Canutium

351 2275 451 2328 aut
486 2270 718 2327 Arrium
770 2260 1130 2326 F‘urniumve
1191 2269 1523 2338 nominabo,
1578 2270 1789 2344 quique
1846 2270 1978 2326 aliis
2033 2270 2097 2327 in

352 2370 560 2426 eodem
592 2369 1019 2425 valetudinario
1046 2370 1194 2425 haec
1224 2386 1357 2425 ossa
1386 2374 1445 2425 et
1500 2370 1654 2425 hanc
1686 2369 1933 2427 maciem
1963 2387 2091 2444 pro·

350 2469 512 2526 bant.
597 2470 731 2541 lpse
762 2468 906 2526 mihi
936 2469 1178 2538 Calvus,
1232 2486 1368 2526 cum
1409 2484 1585 2525 unum
1634 2474 1694 2526 et
1744 2469 1975 2543 viginti,
2030 2474 2096 2527 ut

352 2572 507 2642 puto,
540 2568 714 2624 libros
758 2568 1074 2643 reliquerit,
1105 2569 1210 2625 vix
1239 2567 1301 2625 in
1332 2585 1450 2626 una
1502 2573 1601 2625 aut
1629 2571 1814 2625 altera
1841 2556 2096 2627 oratiun-

350 2671 485 2725 cula
508 2668 811 2726 satisfacit.
873 2686 985 2726 nec
1034 2669 1346 2727 dissentire
1401 2675 1630 2727 ceteros
1674 2670 1748 2725 ab
1791 2668 1904 2724 h'oc
1961 2685 2096 2726 meo

349 2767 570 2825 iudicio
600 2768 795 2826 video.
827 2775 1034 2843 quotus
1065 2768 1224 2828 enim
1243 2768 1485 2843 quisque
1515 2768 1695 2826 Calvi
1723 2767 1782 2824 in
1819 2767 2095 2836 Asitium,

348 2873 447 2924 aut
471 2867 532 2924 in
559 2870 813 2926 Drusum
847 2870 990 2943 tegit
1015 2866 1039 2927 ‘2
1108 2875 1168 2924 at
1198 2869 1436 2924 hercule
1466 2868 1528 2924 in
1555 2868 1855 2925 hominum
1882 2867 2097 2925 studio·

347 2983 540 3025 sorum
571 2968 837 3025 manibus
868 2973 1175 3025 versantur
1230 2967 1661 3035 adcusationes,
1704 2984 1852 3040 quae
1881 2967 1942 3023 in
1971 2966 2094 3023 Va-

346 3065 556 3124 tinium
610 3067 1020 3134 inscribuntur,
1062 3084 1133 3124 ac
1193 3067 1504 3140 praecipue
1559 3067 1817 3147 secunda
1872 3082 1947 3121 ex
2000 3065 2090 3122 his

345 3166 548 3224 oratio.
592 3172 682 3224 est
704 3168 864 3226 enim
894 3167 1089 3224 verbis
1118 3171 1326 3224 ornata
1373 3171 1434 3223 et
1481 3163 1808 3232 sententiis,
1837 3163 2090 3221 auribus-

403 3320 619 3368 Somnum
640 3323 805 3384 tenere]
868 3322 958 3369 Pro
976 3335 1138 3369 cavere
1156 3335 1374 3368 somnum.
1436 3320 1486 3367 ld
1508 3318 1683 3367 Latinis
1701 3318 1763 3366 sic
1782 3332 1872 3364 non
1893 3318 2086 3375 dicitur-3

341 3381 490 3428 sedin
510 3383 594 3428 hac
614 3381 925 3428 coniunctione
942 3397 1041 3428 cum
1062 3384 1209 3429 risum
1238 3379 1348 3428 ferri
1377 3384 1545 3442 potest,
1575 3378 1802 3438 magisque
1821 3379 2011 3424 refertur
2028 3380 2088 3425 ad

344 3440 507 3497 n‘sum,
528 3455 660 3500 quam
682 3442 740 3487 ad
761 3455 976 3488 somnum.
1043 3441 1164 3488 Em.

403 3518 501 3565 Nec
530 3520 764 3566 dissentire
792 3519 969 3582 eeteros]
1032 3519 1251 3568 Dissentit
1279 3522 1432 3567 tamen
1460 3516 1620 3571 Quint.
1643 3518 1714 3578 10,
1738 3518 1778 3576 1,
1800 3518 1897 3564 115.
1920 3512 1968 3562 et
1986 3530 2088 3578 pas-

343 3577 442 3625 sim.
503 3578 676 3626 Contra
695 3580 753 3628 οἶ.
772 3579 869 3628 cic.
891 3579 1036 3628 Bruto
1052 3580 1127 3628 82.

421 3678 565 3720 vot..
606 3680 705 3720 m.
1183 3662 1259 3715 12
