2532 4164
412 237 552 303 122
779 257 872 303 mu
928 255 1382 305 onA'roamvs
1435 257 1789 306 nunoovs

403 420 621 489 loquar,
659 433 895 475 aureum
936 420 1254 484 saeculum,
1296 422 1357 475 et
1396 423 1686 477 oratorum
1730 422 1791 476 et
1817 417 2137 477 eriminum

402 517 592 590 inops,
635 518 821 590 poetis
869 523 929 573 et
960 519 1192 574 vatibus
1240 519 1591 585 abundabat,
1639 519 1735 593 qui
1788 520 1937 575 bene
1980 519 2139 576 saeta

402 622 702 679 canerent,
732 634 848 673 non
876 616 972 690 qui
1016 619 1167 673 male
1221 616 1473 673 admissa
1525 617 1923 675 defenderent.
2008 618 2145 676 Neo

403 714 535 772 ullis
557 721 653 772 aut
685 715 869 789 gloria
911 715 1110 783 maior,
1150 720 1252 772 aut
1295 717 1590 790 augustior
1636 717 1850 776 honor:
1886 711 2142 789 ‘primum

403 814 554 886 apud
605 815 786 880 Deos,
834 830 1070 888 quorum
1119 814 1368 886 proferre
1425 832 1699 887 responsa
1746 821 1808 872 et
1855 815 2139 873 interesse

404 911 593 985 epulis
644 912 1009 969 ferebantur:
1073 912 1289 970 deinde
1334 915 1483 986 apud
1538 914 1672 971 illos
1727 915 1862 971 Diis
1908 915 2139 988 genitos

403 1027 709 1085 sacrosque
741 1012 953 1085 Reges,
981 1012 1133 1068 inter
1158 1030 1300 1085 quos
1330 1012 1624 1070 neminem
1664 1013 2143 1082 caussidieorum‚

403 1112 505 1168 sed
530 1111 763 1183 Orphea
791 1127 862 1167 ae
892 1111 1126 1173 Linum,
1154 1128 1244 1175 ac,
1286 1110 1337 1194 si
1366 1111 1744 1185 introspicere
1773 1113 1945 1169 altius
1969 1113 2141 1182 velis,

402 1209 963 1281 ipsum-Apollinem
1013 1209 1381 1282 accepimus:
1429 1213 1545 1277 vel,
1589 1211 1640 1267 si
1686 1212 1835 1267 haee
1883 1212 2144 1268 sabulosa

403 1308 577 1366 nimis
606 1314 664 1364 et
693 1308 1017 1381 composita
1046 1309 1338 1376 videntur,
1366 1310 1512 1365 illud
1539 1315 1698 1367 certe
1738 1309 1880 1369 mibi
1927 1326 2140 1366 eonce-

403 1407 512 1474 dis,
551 1409 729 1481 Aper,
760 1425 878 1464 non
909 1407 1188 1464 minorem
1218 1410 1494 1465 honorem
1527 1410 1801 1475 Homero,
1828 1425 1998 1482 quam
2023 1409 2140 1465 De-

404 1507 716 1573 mostheni,
743 1507 895 1579 apud
924 1511 1180 1579 posteros
1206 1527 1219 1563 =
1264 1524 1375 1563 nee
1403 1507 1827 1580 angustioribus
1879 1506 2138 1564 terminis

403 1605 615 1661 famam
665 1605 960 1677 Euripidis
1008 1610 1107 1662 aut
1154 1606 1483 1679 Sophoclis,
1540 1624 1711 1680 quam
1760 1606 1980 1679 Lysiae
2039 1609 2141 1663 aut

407 1703 745 1777 Hyperidis,
770 1704 1010 1761 includi.
1041 1707 1231 1778 plures
1260 1704 1433 1761 hodie
1483 1705 1754 1778 reperies,
1781 1705 1880 1779 qui
1909 1705 2141 1762 Cicero·

406 1803 500 1860 nis
518 1803 777 1875 gloriam,
799 1821 967 1876 quam
996 1805 1094 1877 qui
1126 1804 1378 1880 Virgilii,
1400 1805 1748 1870 detrectent.
1830 1805 1887 1861 N
1893 1820 1963 1861 ee
1993 1806 2141 1860 ullus

410 1903 610 1960 Asinii
657 1908 754 1959 aut
806 1902 1096 1959 Messalae
1143 1902 1290 1959 liber
1338 1909 1457 1959 tam
1499 1902 1757 1960 inlustris
1812 1907 1920 1971 est,
1969 1919 2141 1976 quam

408 2002 625 2060 Medea
655 2002 876 2069 Ovidii,
904 2010 1003 2058 aut
1024 2001 1194 2059 Varii
1224 2002 1546 2074 Thyestes·
1582 2019 1647 2055 s

308 2108 388 2168 13
491 2108 584 2163 Ac
604 2122 680 2161 ne
709 2102 992 2183 fortunam
1044 2103 1276 2175 quidem
1308 2108 1527 2167 vatum,
1552 2105 1612 2157 et
1640 2100 1783 2158 illud
1834 2099 1977 2157 felix
2005 2116 2143 2157 con·

406 2204 750 2270 tubernium,
804 2217 1138 2272 comparare
1205 2201 1497 2256 timuerim
1556 2216 1690 2257 cum
1749 2200 2010 2274 inquieta
2075 2203 2139 2256 et

405 2304 585 2371 anxia
611 2307 897 2359 oratorum
924 2300 1062 2356 vita.
1093 2300 1235 2356 lieet
1261 2282 1396 2356 illos
1438 2299 1757 2356 certamina
1795 2304 1854 2355 et
1886 2288 2141 2370 pericula

404 2420 508 2460 sua
537 2403 611 2458 ad
639 2401 989 2458 Consulatus
1018 2382 1359 2455 ei‘rexerint:
1404 2401 1558 2455 malo
1578 2415 1845 2454 securum
1867 2405 1923 2453 et
1954 2415 2140 2454 secre-

405 2506 526 2558 tum
552 2498 789 2572 Virgilii
815 2513 1128 2559 secessum,
1158 2496 1217 2553 in
1261 2513 1375 2570 quo
1416 2503 1614 2553 tamen
1644 2513 1831 2569 neque
1859 2497 2009 2568 apud
2036 2495 2142 2553 Di-

409 2617 551 2657 vum
601 2600 919 2671 Augustum
960 2596 1145 2669 gratia
1171 2596 1376 2661 caruit,
1421 2613 1607 2670 neque
1655 2595 1805 2667 apud
1856 2595 2141 2668 Populum

407 2701 734 2758 Romanum
766 2694 990 2752 notitia.
1075 2695 1291 2751 Testes
1343 2694 1597 2768 Augusti
1641 2694 1950 2772 epistolae,
1975 2684 2139 2749 tes'tis

318 2870 323 2875 θ
407 2800 532 2873 ipse
557 2797 820 2871 populna,
850 2794 947 2869 qui
967 2794 1186 2851 auditis
1236 2792 1299 2850 in
1336 2795 1564 2850 theatro
1592 2793 1854 2849 versibus
1884 2790 2143 2865 Virgilii,

467 2973 639 3033 Asinii]
705 2970 845 3018 Asinii
879 2967 1089 3016 Pollionis
1108 2983 1160 3012 ac
1178 2967 1363 3015 Corvini
1396 2967 1652 3014 Messalae:
1690 2981 1841 3012 eorum
1864 2966 2017 3012 laudes
2038 2965 2145 3034 vide

408 3050 541 3094 supra
564 3032 758 3079 Annales
779 3030 859 3081 xl,
881 3033 920 3075 6.
989 3026 1291 3079 Quintilianus
1309 3029 1589 3073 commendat
1608 3027 1892 3083 diligentiam
1908 3025 2144 3081 Pollionis,

407 3095 670 3152 dignitatem
692 3090 916 3136 Messalae.

471 3173 604 3218 Varii
638 3168 857 3228 Thyesta]
925 3167 994 3212 De
1024 3174 1213 3228 utraque
1244 3166 1474 3224 tragoedia
1505 3163 1809 3214 Quintilianus
1839 3161 1987 3208 Imm.
2013 3162 2140 3208 Orat.

407 3234 469 3286 X,
504 3237 542 3278 l.
605 3230 712 3277 Jnm
755 3226 887 3271 Varii
924 3225 1128 3284 Thyestes
1168 3225 1351 3271 cuilibet
1398 3225 1670 3269 Graecorum
1709 3223 1958 3278 comparari
1992 3226 2139 3278 potest.

409 3293 567 3340 Ovidii
608 3289 763 3336 Medea
802 3286 979 3332 videtur
1015 3285 1128 3330 mila·
1162 3284 1399 3338 ostendere,
1437 3286 1657 3342 quantum
1697 3282 1771 3326 vir
1800 3281 1886 3350 ‘ille
1922 3286 2147 3337 praestare

403 3352 565 3410 potuit,
594 3350 632 3395 ,η’
659 3346 839 3402 ingenio
859 3359 936 3391 suo
967 3349 1220 3401 temperare,
1250 3358 1383 3400 quam
1409 3342 1645 3409 indulgere
1664 3341 1904 3386 mlutsset.
1950 3339 2147 3409 ‘Ambae

410 3413 517 3459 illac
546 3408 804 3466 tragoediae
833 3404 1021 3464 periere,
1059 3418 1218 3461 magno
1250 3403 1553 3448 Romanorum
1584 3399 1813 3445 literarum
1845 3399 2146 3467 detrimento;

413 3486 512 3516 eum
533 3470 605 3515 vix
624 3463 829 3526 supersit,
865 3463 984 3510 uude
1013 3462 1296 3510 aestimemus
1327 3460 1435 3521 quid
1467 3458 1659 3507 Romani
1680 3458 1725 3504 in
1746 3458 1978 3516 tragoedia
1996 3455 2145 3502 value-

414 3530 520 3576 rint.
