2532 4164
932 357 1503 425 ιῃιυετιιᾼτωι..
1538 402 1543 411 .
1902 340 2000 410 23

327 558 332 565 .
387 526 590 569 xcxiv
662 512 888 565 necessit
948 526 1075 566 eum
1146 511 1320 571 Livia,
1380 526 1520 581 quae
1586 526 1685 579 per
1739 512 1998 568 itinerum

385 604 525 659 avia,
572 616 675 653 uno
718 601 939 668 comite,
989 598 1252 659 Caesaris,
1305 614 1426 651 mox
1463 598 1632 651 futuri
1667 601 1749 654 sui
1790 602 1993 663 mariti,

385 705 536 741 arma
579 678 835 757 fugiebat,
877 693 938 740 et
981 688 1186 740 bimum
1230 685 1531 745 Tiberium,
1570 688 1810 742 futurum
1857 694 1992 759 ejun-

396 773 522 827 dem
546 773 790 826 Caesaris
814 771 980 824 filium
1006 777 1066 824 et
1091 771 1366 833 heredem,
1393 774 1508 825 sinu
1546 775 1815 842 gestabat.
1888 775 1994 827 Be-

389 862 681 914 conciliata
737 877 886 928 pace,
914 875 1138 913 uxorem
1186 854 1351 911 suam'
1391 860 1597 913 Liviam
1639 865 1851 928 petenti
1885 863 1997 917 Au-

382 956 540 1017 gusto
584 949 852 999 concessit
900 961 1037 998 anuo
1079 944 1143 995 U.
1180 944 1241 997 C.
1291 961 1508 998 necxvr.
1582 947 1842 1000 Triennio
1866 952 1991 1016 post

384 1034 529 1087 diem
577 1035 715 1086 obiit
769 1049 907 1086 anuo
958 1032 1027 1084 U.
1079 1032 1142 1084 C.
1198 1049 1418 1085 nccxix.
1498 1031 1639 1085 Vell.
1711 1034 1987 1088 Patercul.

387 1137 449 1181 ιι,
486 1124 569 1173 75.
647 1123 870 1187 Sueton.
921 1123 974 1173 in
1023 1120 1212 1172 Tiber.
1270 1136 1325 1173 iv
1378 1125 1440 1172 et
1497 1135 1577 1172 vi.
1631 1119 1734 1173 Dio
1783 1136 1988 1179 xum.

386 1225 507 1278 pag.
548 1211 668 1261 366.

456 1385 540 1435 68.
598 1382 870 1435 Truentus
907 1382 1089 1441 Νειιο
1143 1382 1353 1435 Tiberii
1399 1381 1610 1435 Claudii
1649 1382 1880 1437 Neronis
1926 1388 1988 1438 et

388 1467 575 1520 Liviae
604 1468 755 1524 tilius.
795 1476 949 1522 natus
989 1474 1148 1520 sexto
1190 1468 1403 1520 decimo
1445 1467 1709 1522 Kalendas
1763 1469 1987 1524 Decem·

387 1555 513 1635 brie,
565 1571 701 1607 anno
752 1553 822 1606 U.
877 1554 938 1606 C.
991 1569 1216 1612 noenu
1280 1556 1349 1607 ab
1399 1555 1641 1624 Augusto
1697 1555 1986 1623 adoptatus

388 1658 523 1694 anno
571 1658 835 1701 υοοινιις
888 1628 1147 1716 Princeps
1186 1656 1324 1693 anno
1374 1657 1675 1702 nccnxvu3
1739 1650 1986 1697 mortuus

386 1730 619 1796 septimo
643 1728 854 1781 decimo
880 1726 1147 1779 Kalendas
1185 1729 1408 1794 Aprilis,
1437 1743 1572 1779 anno
1616 1744 1806 1780 110ch.
1887 1729 1987 1784 Ro-

387 1830 568 1866 manos
597 1815 800 1865 vicerat
843 1813 1018 1864 Julius
1057 1812 1273 1869 Caesar,
1322 1815 1493 1863 victos
1522 1814 1727 1865 l'overat
1779 1817 1985 1884 Augus-

387 1906 491 1961 tus,
518 1917 698 1952 servos
735 1898 867 1952 feeit
909 1899 1195 1957 Tiberius3
1235 1900 1613 1951 dominationis
1655 1901 1825 1954 adhue
1867 1920 1988 1958 cru-

388 1989 500 2047 ᾱος,
562 1992 620 2039 et
668 1986 967 2040 Caesareae
1016 1989 1361 2039 auctoritatis
1404 1990 1516 2054 jam
1571 1994 1845 2054 pertaesos
1892 1992 1986 2045 vix

386 2075 550 2127 aliter
571 2078 898 2125 retenturus.
973 2071 1264 2125 Seu-vitatis
1307 2078 1488 2124 tamen
1531 2075 1610 2125 ita
1660 2080 1985 2143 temperans,

388 2163 451 2212 ut
476 2174 597 2210 cnm
624 2173 803 2234 servos
830 2157 1051 2216 faceret,
1077 2159 1300 2210 serviles
1340 2173 1527 2210 eorum
1569 2160 1771 2212 animos
1800 2178 1991 2231 argue-

392 2248 496 2297 ret.
576 2242 672 2320 Vir
720 2258 929 2309 prorsus
968 2243 1265 2330 singularis,
1315 2245 1671 2297 eminentium
1721 2246 1824 2297 vir
1808 2252 1987 2301 utum

388 2347 560 2399 aeque
586 2346 650 2382 ac
694 2332 945 2383 vitiorum
993 2346 1127 2383 osor.
1157 2331 1295 2382 bona
1320 2333 1464 2384 iuter
1493 2347 1556 2383 ac.
1584 2332 1724 2384 mala
1769 2348 1984 2403 aucep&

390 2422 518 2470 ante
543 2417 906 2484 principatum
945 2416 1284 2474 fortissimus,
1328 2419 1384 2468 in
1420 2413 1726 2484 principatu
1767 2420 1987 2473 astutis-

390 2505 569 2560 simus,
596 2505 852 2555 continua
872 2501 1299 2558 dissimulatione
1323 2507 1381 2554 et
1418 2502 1823 2556 imminentibus
1848 2520 1987 2557 sem—

388 2605 488 2656 per
528 2589 781 2656 periculis
822 2587 995 2640 factus
1043 2590 1319 2642 hominum
1361 2588 1718 2672 tristissimus.
1790 2589 1985 2643 Ferale

385 2677 501 2744 ejus
513 2669 730 2726 dictum
756 2675 1101 2741 percrebuit.

654 2842 800 2910 Ἔμου
827 2844 1016 2901 Carmen
1042 2865 1155 2913 νυα
1181 2850 1405 2918 μιχθκο
1431 2827 1556 2918 nupt.

658 2927 736 2974 Me
763 2933 937 2975 Μιω
964 2934 1085 2975 tem
1113 2930 1352 2980 misceatur
1376 2934 1493 2993 igni.

392 3089 735 3159 Beatumque
780 3094 1095 3160 appellabat
1152 3093 1445 3155 Priamum.
1507 3101 1599 3166 qui
1658 3098 1815 3150 simul
1865 3114 1991 3152 eum

391 3173 570 3245 patria
595 3186 653 3230 et
688 3197 850 3250 regno
875 3184 1120 3248 perierit.
1162 3182 1307 3235 Vell.
1351 3183 1622 3236 Patercul.
1664 3199 1724 3243 ιι,
1764 3186 1848 3236 75.
1885 3184 1998 3237 Ta·

392 3269 490 3322 eit.
532 3266 724 3318 Annal.
766 3282 803 3327 ι,
845 3270 897 3318 3.
940 3272 1003 3320 et
1035 3266 1646 3331 v1.⁶1Plin.xxvm,
1681 3270 1734 3319 2.
1809 3267 1998 3327 Suidaae

395 3351 696 3405 ΤΙΒΕΡΙΟΣ.
