2532 4164
489 250 628 318 116
687 282 691 287 ·
884 273 978 321 ma
1032 273 1493 322 oanoamvs
1547 276 1924 326 maman·

479 429 644 500 pulus
712 432 1076 498 transeuntes
1132 430 1369 487 nomine
1402 438 1593 499 vocat,
1643 438 1704 489 et
1742 433 1930 507 digito
1979 435 2216 494 demon·

474 523 671 583 strat?
744 528 1029 584 Advenae
1096 546 1320 602 quoque
1401 530 1711 604 peregrini,
1780 532 1897 590 iam
1964 533 2028 590 in
2097 552 2215 593 mu-

475 624 708 696 nicipiis
750 631 809 681 et
862 627 1108 683 coloniis
1165 628 1283 684 suis
1336 631 1582 696 auditos,
1637 647 1772 687 cum
1827 631 2073 704 primum
2129 650 2216 690 ur-

476 724 607 780 bem
635 724 982 798 adtigerunt,
1011 727 1302 800 requirunt
1329 744 1401 784 ac
1437 731 1625 786 vultus
1654 746 1970 803 agnoscere
1999 748 2212 790 concu-

473 823 723 895 piscunt.

413 927 450 984 8
559 923 765 1000 Ausim
811 923 1184 987 contendere,
1231 923 1579 982 Marcellum
1627 926 1783 982 hunc
1832 926 2092 998 Eprium,
2134 929 2210 987 de

471 1038 585 1095 quo
614 1022 783 1077 modo
829 1024 1053 1077 locutus
1101 1040 1248 1087 sum,
1289 1029 1348 1079 et
1399 1025 1668 1096 Crispum
1712 1025 1952 1082 Vibium
2002 1024 2212 1102 (liben-

471 1120 584 1177 tius
613 1120 769 1177 enim
799 1121 967 1177 novis
997 1128 1052 1177 et
1098 1124 1447 1189 recentibus,
1498 1140 1667 1196 quam
1715 1125 1949 1180 remotis
1997 1133 2054 1181 et
2110 1127 2209 1183 ob·

468 1218 757 1286 litteratis,
810 1220 1094 1291 exemplis
1125 1219 1278 1297 utor)
1307 1238 1421 1277 non
1474 1221 1661 1278 minus
1693 1227 1854 1278 nosci
1908 1225 1967 1280 in
2019 1230 2207 1281 extre-

467 1318 577 1375 mis
609 1318 859 1390 partibus
889 1325 1181 1384 terrarum,
1232 1336 1404 1392 quam
1450 1321 1707 1392 Capuae,
1756 1327 1854 1377 aut
1884 1322 2202 1385 Vercellis,

466 1416 563 1473 ubi
589 1417 709 1473 nati
731 1417 1015 1473 dicuntur.
1042 1434 1150 1474 nec
1171 1416 1281 1473 hoc
1304 1417 1417 1473 illis
1434 1421 1641 1476 saltem
1668 1426 1752 1476 ter
1771 1419 1983 1475 millies
2003 1428 2208 1476 sester-

466 1514 610 1572 tium
640 1522 886 1587 praestat
916 1512 1284 1591 (quamquam
1314 1518 1387 1573 ad
1431 1518 1534 1574 has
1574 1518 1727 1590 ipsas
1773 1536 1912 1590 opes
1970 1524 2206 1590 possunt

467 1614 653 1671 videri
703 1614 1067 1688 eloquentiae
1119 1615 1404 1672 beneficio
1451 1615 1709 1693 venisse)
1753 1617 1877 1688 ipsa
1927 1618 2200 1690 eloquen-

464 1711 582 1779 tia3
622 1713 785 1768 cuius
830 1730 1042 1769 numen
1086 1718 1142 1769 et
1191 1714 1463 1771 coelestis
1497 1715 1584 1771 vis
1614 1719 1794 1772 multa
1822 1715 2054 1789 quidem
2082 1732 2202 1773 om·

462 1810 633 1870 nibus
678 1811 927 1868 saeculis
976 1814 1246 1883 exempla
1303 1812 1506 1881 edidit,
1561 1815 1635 1869 ad
1691 1819 1963 1887 quantam
2022 1831 2198 1889 usque

460 1910 746 1968 fortunam
777 1911 1038 1967 homines
1081 1910 1302 1984 ingenii
1353 1911 1568 1968 viribus
1598 1913 1989 1985 pervenerint.
2074 1912 2196 1969 Sed

447 2010 629 2079 haec,
685 2016 745 2067 ut
797 2026 968 2082 supra
1033 2008 1177 2075 dixi,
1246 2009 1491 2082 propria,
1545 2016 1606 2067 et
1624 2069 1627 2080 ,ἵ
1659 2027 1804 2086 quae
1862 2029 1981 2070 non
2038 2011 2197 2068 audi-

460 2116 522 2170 tu
595 2110 1018 2186 cognoscenda,
1076 2110 1179 2165 sed
1247 2108 1433 2165 oculis
1507 2098 1826 2182 spectanda
1898 2110 2195 2191 habemus.

458 2210 636 2275 Nam,
689 2225 801 2282 quo
852 2208 1134 2264 sordidius
1190 2212 1249 2262 et
1321 2206 1603 2263 abiectius
1659 2208 1780 2264 nati
1835 2214 1988 2275 sunt,
2055 2226 2194 2283 quo-

457 2325 568 2382 que
624 2283 932 2385 notabilior
1007 2311 1311 2379 paupertas
1365 2311 1425 2361 et
1480 2306 1748 2380 angustia
1824 2323 2010 2362 rerum
2065 2324 2192 2363 nas-

456 2410 659 2463 centes
688 2421 789 2461 eos
827 2404 1385 2471 ,circumsteterunt3
1454 2420 1526 2459 eo
1574 2403 1840 2469 clariora,
1888 2413 1946 2460 et
1994 2406 2065 2461 ad
2095 2406 2196 2462 de-

454 2505 884 2561 monstrandam
936 2500 1218 2558 oratoriae
1293 2502 1660 2577 eloquentiae
1733 2502 2046 2560 utilitatem
2100 2503 2187 2561 in-

451 2604 716 2660 lustriora
763 2602 1035 2673 exempla
1097 2606 1273 2668 sunt;
1314 2603 1463 2674 quod
1503 2601 1631 2657 sine
1675 2602 2184 2659 commendatione

450 2702 750 2767 natalium,
803 2700 931 2757 sine
986 2699 1309 2756 substantia
1363 2698 1718 2765 facultatum,
1760 2708 1962 2756 neuter
2017 2700 2184 2756 mori-

451 2803 552 2858 bus
580 2799 860 2873 egregius,
889 2801 1034 2855 alter
1090 2797 1287 2854 habitu
1333 2816 1556 2873 quoque
1595 2798 1850 2869 corporis
1878 2807 2175 2872 contemp-

448 2903 560 2967 tus,
615 2916 716 2972 per
761 2900 966 2955 multos
1014 2897 1131 2955 iam
1172 2914 1356 2953 annos
1405 2896 1794 2971 potentissimi
1839 2905 1970 2953 sunt
2036 2896 2182 2954 civi-

447 2998 603 3067 tatis,
657 3015 746 3066 ac,
798 2999 989 3055 donec
1044 2995 1232 3061 libuit,
1287 2982 1579 3069 principes
1635 2995 1762 3064 sori,
1817 3013 1973 3053 nunc
2028 2997 2179 3070 prin-

504 3155 570 3203 Et
583 3154 724 3213 digito
741 3150 1027 3211 demonstrat]
1081 3150 1189 3197 lude
1209 3149 1403 3206 Persius,
1424 3152 1461 3208 1,
1481 3152 1554 3198 28.

677 3235 741 3280 At
769 3231 1013 3287 pulchrum
1031 3233 1093 3276 est
1108 3230 1249 3289 digito
1268 3229 1523 3284 numerari,
1543 3234 1583 3275 d
1601 3228 1759 3288 dicier,
1777 3228 1849 3276 hic
1867 3236 1946 3276 est.

500 3312 593 3360 Eos
628 3310 1027 3369 circumsteterunt]
1091 3309 1248 3355 Minus
1284 3309 1451 3355 Latine
1495 3307 1680 3377 dictum,
1731 3315 1780 3355 ut
1819 3313 1866 3353 et
1903 3322 2004 3353 mox
2039 3306 2176 3365 illud,

439 3373 684 3420 substantia
696 3371 993 3428 facultatum.
1057 3368 1177 3415 Em.
1239 3369 1306 3415 At
1338 3368 1433 3415 Cic.
1468 3364 1564 3426 ipse
1595 3367 1709 3413 Plul.
1742 3366 1805 3423 X,
1841 3369 1906 3414 lo.
1928 3365 2076 3411 omnia
2094 3380 2176 3411 ms

424 3433 533 3490 fata
549 3430 849 3477 circumterit.
869 3435 917 3473 et
935 3427 1050 3474 Plin.
1070 3440 1230 3488 paneg.
1252 3442 1293 3473 c.
1313 3430 1357 3474 3.
1418 3425 1546 3472 Haec
1562 3440 1633 3473 ma
1650 3440 1778 3485 cura,
1795 3426 1899 3473 haec
1917 3425 2172 3485 difficultas,

438 3492 529 3539 sola
549 3490 815 3538 circumter.
877 3486 997 3534 Vide
1014 3492 1060 3534 et
1089 3500 1221 3548 supra
1241 3485 1303 3534 H.
1325 3490 1370 3545 ⁴,
1389 3488 1462 3534 79.
