2532 4164
997 323 1155 370 cAP.
1207 299 1545 370 40.—42.
1972 298 2065 367 97

413 473 635 544 Crebro
672 492 777 549 per
816 492 921 533 eos
981 477 1108 534 dies
1169 479 1321 549 apud
1392 475 1794 535 Domitianum
1858 476 2066 532 absens
2089 469 2166 527 41

332 573 662 640 adcusatus,
705 577 915 631 absens
958 578 1252 632 absolutus
1295 581 1402 632 est.
1445 593 1649 632 caussa
1679 576 1920 648 periculi
1952 592 2068 633 non

333 674 556 730 crimen
619 676 817 738 ullum,
880 681 976 731 aut
1034 678 1266 748 querela
1339 675 1482 731 laesi
1543 675 1898 748 cuiusquam,
1965 674 2067 730 sed

335 769 597 829 infensus
644 773 949 829 virtutibus
993 772 1293 844 Princeps,
1336 781 1394 830 et
1435 775 1617 845 gloria
1661 774 1789 837 viri,
1832 790 1902 829 ac
1947 790 2068 846 pes·

334 869 541 927 simum
562 872 924 928 inimicorum
954 890 1153 945 genus,
1198 875 1515 928 laudantes.
1601 873 1674 929 El
1703 892 1773 929 ea
1803 872 2068 928 insecuta

331 973 466 1025 sunt
497 970 876 1042 Reipublicae
907 977 1184 1041 tempora,
1211 989 1358 1044 quae
1388 971 1545 1027 sileri
1583 971 1916 1044 Agricolam
1951 989 2067 1028 nrm

336 1067 631 1125 sinerenlt
678 1074 762 1124 tot
792 1069 1081 1125 exercilus
1110 1069 1169 1125 in
1207 1070 1429 1125 Moesia
1480 1070 1796 1142 Daciaque,
1838 1076 1893 1125 el
1928 1071 2071 1126 Ger·

341 1166 536 1222 mania
594 1165 1027 1240 Pannoniaque,
1069 1169 1394 1224 temeritate
1451 1177 1547 1223 aut
1617 1186 1717 1239 per
1773 1170 2071 1241 ignaviam

339 1263 573 1321 Ducum
602 1265 796 1321 amissi
823 1279 838 1316 z
881 1271 961 1322 tot
993 1267 1272 1322 militares
1305 1266 1413 1322 viri
1454 1284 1586 1322 cum
1618 1272 1702 1321 tot
1739 1268 2070 1325 cohortibus

336 1364 653 1436 expugnati
698 1372 758 1421 et
802 1364 993 1434 capti:
1055 1382 1163 1420 nec
1214 1365 1330 1420 iam
1375 1367 1447 1421 de
1504 1366 1684 1420 limite
1735 1366 1967 1436 Imperii
2010 1369 2071 1422 et

335 1461 479 1533 ripa,
506 1463 608 1517 sed
637 1463 709 1517 de
735 1462 989 1519 bibernis
1019 1463 1309 1532 legionum
1340 1472 1398 1519 et
1443 1464 1823 1535 possessione,
1850 1466 2072 1520 dubita-

338 1564 478 1616 tum.
562 1562 669 1627 lta,
697 1578 831 1617 cum
859 1562 1071 1617 damna
1112 1562 1339 1617 damnis
1369 1564 1866 1627 continuarentur,
1898 1575 2070 1637 atque

338 1658 527 1716 omnis
557 1676 739 1714 annus
767 1657 1059 1714 funeribus
1088 1666 1146 1714 et
1195 1660 1456 1715 eladii-us
1503 1661 1887 1733 insigniretur,
1949 1681 2071 1734 pos-

339 1759 579 1815 cebatur
630 1775 728 1812 ore
799 1757 956 1829 vulgi
1010 1759 1146 1813 Dux
1208 1760 1530 1830 Agricola:
1600 1757 2091 1832 comparantibus

337 1856 567 1912 cunclis
600 1854 877 1928 vigorem,
898 1849 1306 1922 constantiam,
1335 1865 1393 1912 et
1423 1867 1722 1928 expertum
1757 1861 1922 1914 bellis
1954 1859 2073 1916 aui-

340 1972 512 2024 mum,
545 1972 677 2011 cum
707 1953 916 2010 inertia
961 1963 1018 2009 et
1068 1956 1374 2010 formidine
1424 1967 1764 2011 ceterorum.
1851 1959 2074 2027 Quibus

345 2056 706 2112 sermonibus
763 2053 903 2110 satis
945 2058 1174 2110 constat
1254 2053 1580 2111 Domitiani
1636 2073 1859 2128 quoque
1913 2073 2077 2113 aures

342 2157 690 2221 verberatas,
719 2155 854 2208 «lum
887 2152 1137 2223 optimus
1166 2152 1402 2224 quisque
1435 2154 1762 2209 libertorum
1794 2171 1986 2210 amore
2018 2158 2078 2211 et

339 2252 471 2319 fide,
515 2252 746 2325 pessimi
781 2251 1140 2323 malignitate
1171 2258 1229 2306 et
1280 2253 1482 2317 livore,
1515 2270 1753 2323 pronum
1782 2252 2079 2310 deteriori-

347 2352 452 2407 bus
483 2351 817 2423 Principem
847 2349 1323 2405 exstimulabant.
1410 2350 1512 2406 Sic
1572 2352 1874 2423 Agricola,
1902 2352 2079 2410 simul

342 2450 458 2506 suis
491 2448 814 2512 virtutibus,
843 2448 1011 2504 simul
1047 2447 1207 2503 vitiis
1236 2448 1504 2515 aliorum,
1531 2448 1591 2505 in
1624 2451 1806 2522 ipsam
1834 2451 2078 2525 gloriam

345 2566 620 2622 praeceps
651 2548 942 2620 agebatur.

427 2644 649 2706 Aderat
690 2646 805 2701 iarn
848 2663 1048 2709 annus,
1094 2661 1207 2718 quo
1262 2644 1742 2721 Proconsulalum
1795 2647 1976 2705 Asiae
2018 2654 2075 2705 et
2102 2652 2185 2710 42

346 2745 584 2804 Africae
611 2744 923 2810 sortiretur,
952 2750 1013 2800 et
1036 2744 1237 2800 occiso
1279 2744 1494 2801 Civica
1538 2762 1737 2816 nuper,
1769 2764 1879 2804 nec
1907 2748 2080 2822 Agri-

349 2917 685 3027 lossoepugnuli]
751 2918 822 2963 lta
850 2931 1023 2978 quoque
1043 2916 1181 2963 verbo
1215 2932 1474 2976 &pugnam
1493 2934 1592 2965 usus
1630 2923 1701 2964 est
1735 2920 1970 2967 Lucretius
1990 2922 2072 2969 lv.

650 3036 796 3089 Reges
816 3038 1083 3095 expugnant,
1101 3034 1350 3095 capiuntur,
1371 3036 1542 3096 proelia
1564 3037 1765 3084 miscent.

400 3116 465 3162 Et
479 3115 596 3175 ripa]
660 3115 781 3174 Ripa
811 3114 1003 3159 Danubii
1022 3120 1069 3159 et
1086 3114 1251 3169 Rheni,
1275 3116 1491 3176 quierant
1513 3116 1684 3176 imperii
1708 3115 1884 3162 limites.

401 3196 618 3250 Praeceps
636 3194 869 3254 agebatur]
934 3194 1151 3253 Praeceps
1172 3209 1227 3240 ac
1244 3194 1484 3254 periturus.

397 3273 663 3330 sortiretur]
729 3273 832 3318 Duo
851 3272 1101 3317 consulares
1135 3273 1422 3333 antiquissimi
1463 3273 1613 3320 Asiam
1651 3278 1699 3320 et
1737 3273 1934 3321 Africam
1955 3280 2074 3323 sorte

340 3334 556 3381 ducebam
576 3349 589 3389 ;
621 3339 765 3377 utram
786 3331 952 3376 scilicet
972 3346 1123 3377 earum
1145 3340 1362 3390 rege-rent.

403 3412 554 3458 Occiso
576 3410 749 3470 Civica]
815 3409 886 3455 De
927 3424 1015 3469 quo
1051 3411 1285 3456 Suetonius
1304 3412 1347 3456 in
1386 3406 1551 3457 Donzit.
1575 3412 1634 3458 X.
1699 3410 1895 3458 civicam
1916 3413 2151 3475 Cerea-ff)

342 3473 428 3517 lem
453 3473 505 3516 in
540 3471 629 3527 ipso
648 3469 781 3516 Asiae
810 3470 1124 3526 mummolam
1149 3470 1392 3528 interemit,
1424 3471 1548 3532 qussi
1577 3470 1826 3518 molitorem
1857 3487 2069 3520 novarum

337 3544 499 3577 rerum.

418 3628 558 3668 vol..
601 3628 620 3666 ι
632 3627 698 3666 11.
1034 3609 1046 3619 “
1219 3612 1255 3663 9
