2532 4164
366 235 465 304 74
879 256 1053 305 1vn11
1107 256 1349 304 Aemo.
1395 257 1572 305 vrm

368 428 464 467 se:
546 427 621 467 ne
696 409 969 466 laureatis
1033 411 1265 486 quidem
1335 418 1500 485 gesta
1575 416 1912 484 prosecutus
1992 420 2102 475 est.
2131 455 2144 471 .

368 509 471 566 sed
531 508 657 581 ipsa
735 510 1193 567 dissimulatione
1237 511 1424 568 famae
1470 511 1681 569 famam
1750 512 1934 580 auxit,
1982 532 2104 571 aes-

369 610 726 677 timantibus,
784 619 998 685 quanta
1045 610 1216 667 futuri
1278 628 1381 685 spe
1439 616 1557 670 tam
1617 629 1829 686 magna
1892 613 2101 670 tacuis-

370 714 479 765 set.

268 813 348 873 19
452 808 726 866 Ceterum
772 809 1092 867 animorum
1123 809 1464 883 provinciae
1507 811 1777 883 prudens,
1819 811 2105 886 simulque

368 908 573 965 doctus
602 926 703 981 per
728 909 921 965 aliena
969 909 1390 981 experimenta,
1440 926 1638 982 parum
1680 909 1881 982 profici
1909 912 2104 980 armis,

369 1005 418 1063 si
447 1007 691 1063 iniuriae
719 1014 1104 1082 sequerentur,
1133 1025 1367 1065 caussas
1410 1010 1688 1067 bellorum
1717 1010 1917 1066 statuit
1946 1009 2105 1071 exci-

369 1104 525 1161 dere.
611 1107 665 1162 A
729 1124 792 1162 se
840 1105 1069 1180 suisque
1117 1123 1299 1171 orsus,
1357 1105 1598 1178 primam
1652 1107 1886 1164 domum
1943 1125 2107 1167 suam

369 1209 659 1280 coercuit;
688 1211 836 1284 quod
858 1209 1142 1284 plerisque
1163 1210 1314 1266 haud
1337 1209 1526 1265 minus
1543 1211 1780 1267 arduum
1806 1216 1915 1274 est,
1936 1227 2107 1287 quam

370 1308 734 1381 provinciam
763 1326 981 1382 regere.
1067 1311 1261 1382 Agere
1294 1308 1437 1364 nihil
1471 1326 1570 1385 per
1599 1307 1834 1364 libertos
1883 1326 2106 1366 servos·

372 1424 483 1480 que
501 1406 765 1479 publicae
784 1407 898 1464 rei:
930 1424 1047 1463 non
1065 1406 1268 1463 studiis
1293 1405 1554 1477 privatis,
1579 1422 1690 1463 nec
1709 1424 1784 1463 ex
1808 1424 2104 1467 commen·

372 1506 632 1570 datione,
694 1510 793 1562 aut
844 1506 1106 1577 precibus
1158 1505 1578 1562 centurionum
1628 1505 1844 1563 milites
1894 1508 2107 1577 accire,

373 1606 475 1662 sed
535 1604 812 1677 optimum
863 1622 1145 1680 quemque
1192 1603 1592 1661 fidelissimum
1636 1613 1870 1677 putare:
1912 1606 2110 1663 omnia

372 1705 543 1770 scire,
588 1723 703 1762 non
744 1704 940 1762 omnia
983 1704 1261 1777 exsequi:
1307 1702 1501 1775 parvis
1543 1704 1803 1775 peccatis
1854 1704 2109 1779 veniam,

372 1804 597 1879 magnis
625 1805 1004 1860 severitatem
1053 1803 1463 1859 commodare:
1510 1818 1618 1858 nec
1643 1819 1831 1875 poena
1861 1819 2107 1874 semper,

373 1905 476 1961 sed
506 1903 733 1977 saepius
764 1902 1126 1974 poenitentia
1152 1906 1462 1958 contentus
1506 1918 1654 1966 esse,
1694 1900 1901 1956 officiis
1926 1909 1982 1957 et
2012 1904 2107 1961 ad·

372 2002 891 2060 ministrationibus
948 2000 1139 2075 potius
1182 2018 1298 2056 non
1351 2004 1688 2071 peccaturos
1736 2016 2108 2072 praeponere,

373 2121 543 2179 quam
591 2104 886 2169 damnare,
937 2119 1070 2158 cum
1102 2104 1463 2173 peccassent.
1549 2098 1853 2156 Frumenti
1910 2106 1968 2157 et
2011 2100 2106 2158 tri-

373 2205 637 2262 butorum
690 2202 1066 2260 exactionem
1103 2198 1456 2273 aequalitate
1512 2213 1812 2257 munerum
1862 2199 2106 2267 mollire,

432 2378 652 2426 Publicae
672 2377 758 2439 rei]
820 2376 951 2425 Nihil
1014 2374 1188 2421 ublicae
1220 2374 1286 2419 rei
1318 2374 1479 2432 agebat
1517 2387 1598 2433 per
1635 2372 1825 2420 libertos
1857 2385 2108 2434 servosque,

373 2439 563 2501 pessimo
583 2439 668 2483 hac
689 2438 732 2482 in
754 2453 800 2482 re
819 2436 962 2497 praesi
998 2451 1068 2480 um
1092 2435 1432 2495 principumque
1451 2432 1669 2493 exemplo.
2103 2461 2115 2467 -

434 2519 607 2566 Milites
624 2518 811 2577 adscire]
873 2516 1169 2574 Singulariter
1186 2515 1371 2568 dictum,
1402 2513 1438 2557 si
1458 2511 1645 2566 adscire,
1676 2526 1759 2572 pro
1777 2510 1944 2557 milites
1962 2510 2112 2569 legere

375 2584 453 2626 aut
470 2578 737 2642 provehere,
758 2583 1006 2635 usurpetur.
1069 2575 1159 2619 Sed
1182 2588 1280 2618 cum
1306 2572 1416 2617 nihil
1448 2570 1654 2631 publicae
1675 2573 1736 2615 rei
1762 2585 1843 2630 per
1862 2570 2046 2616 libertos
2065 2573 2115 2617 et

373 2652 526 2683 servos
546 2651 646 2681 snos
673 2642 825 2692 ageret
850 2633 1072 2691 Agricola,
1103 2639 1321 2678 stratores
1349 2631 1599 2675 aliorumve
1618 2631 1858 2676 officiorum
1890 2629 2114 2676 ministros

374 2696 457 2744 sibi
476 2696 660 2741 adscivit
683 2694 847 2739 milites
868 2693 1059 2752 optimos
1077 2707 1130 2736 ac
1151 2690 1438 2736 fidelissimos.

434 2774 651 2835 Exsequi]
715 2771 880 2819 Omnia
918 2770 1048 2818 scire,
1089 2784 1176 2815 non
1215 2768 1364 2814 onmia
1404 2767 1576 2828 punire.
1640 2765 1711 2812 Sic
1750 2765 1897 2811 Julius
1927 2766 2112 2821 Caesar,

373 2839 492 2898 apud
514 2832 770 2881 Suetonium
793 2833 835 2875 in
853 2831 946 2877 Jul.
970 2829 1163 2877 van.
1186 2829 1346 2874 delicta
1365 2842 1504 2885 neque
1523 2826 1773 2872 observabat
1790 2825 1955 2877 omnia,
1976 2839 2115 2885 neque

371 2903 454 2953 pro
483 2893 603 2938 modo
625 2891 944 2950 consequebatur
962 2908 975 2933 .-
1009 2888 1084 2934 sed
1102 2887 1374 2933 desertorum
1404 2885 1762 2931 arseditiosorum
1792 2884 2049 2943 inquisitor,
2071 2888 2114 2930 et

368 2954 559 3012 punitor
576 2951 836 3004 acerrimus,
860 2949 1115 2995 connivebat
1133 2947 1185 2993 in
1204 2946 1370 2991 ceteris.

434 3031 636 3090 Mollire]
699 3028 930 3075 Frumenti
951 3034 993 3071 et
1012 3027 1277 3072 tributorum
1294 3023 1584 3076 exactionem,
1605 3023 1677 3067 vel
1694 3022 1828 3068 etiam
1843 3020 2112 3076 auctionem,

373 3090 651 3151 aequalitate
672 3102 897 3133 munerum
928 3086 1091 3132 molliit
1128 3086 1350 3142 Agricola,
1385 3081 1649 3129 circumcisis
1668 3095 1795 3144 quae,
1820 3081 1863 3126 in
1882 3086 2113 3141 quaestum

372 3156 569 3210 reperta,
602 3148 699 3207 ipso
736 3147 905 3192 tributo
941 3146 1112 3198 gravius
1146 3144 1469 3190 tolerabantur.
1551 3141 1685 3194 Nam,
1723 3147 1828 3184 ante
1868 3139 2112 3196 Agricolae

372 3209 712 3270 praefecturam,
762 3208 1068 3265 procuratores
1129 3203 1442 3264 publicanique
1508 3214 1596 3246 non
1642 3201 1797 3245 statim
1844 3199 2114 3244 frumentum

372 3267 711 3328 stipendiarium
745 3265 935 3322 exigere,
967 3265 1043 3309 sed
1084 3264 1397 3322 Britannorum
1436 3261 1594 3305 horrea
1631 3259 1876 3304 clauderet
1910 3255 2114 3303 Britanni

372 3327 533 3373 clausis
555 3326 641 3371 suis
661 3324 830 3370 horreis
868 3323 1087 3374 adsidere,
1113 3328 1174 3372 et,
1195 3337 1293 3366 cum
1314 3318 1544 3365 frumentis
1562 3317 1856 3370 abundarent,
1888 3330 1941 3361 en
1962 3323 2114 3361 tamen

374 3386 496 3433 ultro
505 3385 747 3444 grandique
767 3383 912 3443 pretio
931 3396 1093 3428 emere.
1157 3382 1226 3427 En
1248 3378 1504 3426 ludibrium.
1569 3376 1766 3423 Gravior
1779 3377 1925 3421 adhuc
1938 3374 2114 3430 injuria,

336 3483 348 3492 .
371 3468 487 3503 eum,
508 3449 672 3510 apertis
694 3443 879 3499 horreis,
915 3444 1228 3503 persolutoque
1247 3439 1303 3485 sti
1337 3436 1485 3490 endio,
1508 3437 1550 3483 in
1573 3436 1761 3482 militum
1802 3449 1854 3479 ac
1896 3432 2112 3501 praesidis

371 3527 477 3561 usus
514 3508 773 3569 exigebatur
810 3505 1093 3561 trumentum,
1129 3499 1250 3562 quod
1335 3496 1500 3546 ritanni
1538 3502 1664 3544 certo
1703 3494 1896 3557 quodam
1930 3506 1984 3539 ac
2020 3491 2114 3538 levi
