2532 4164
510 261 610 334 84-
1021 283 1196 335 um
1247 283 1490 334 Aemo.
1540 287 1716 338 vri-A

508 444 526 473 ‘
548 443 655 503 tes,
682 439 883 498 oculos
909 455 1135 515 quoque
1160 456 1196 497 a
1223 447 1504 500 contactu
1547 443 1964 504 dominationis
1993 445 2251 509 inviola-

506 542 525 571 ‘
547 544 635 596 tos
650 539 1034 597 habebamus.
1117 542 1263 609 Nos,
1294 535 1570 601 terrarum
1599 561 1670 602 ae
1719 545 2006 602 libertatis
2050 555 2245 606 extre-

373 633 524 766 -fg‘
543 655 691 703 mos,
747 656 1007 698 recessus
1050 640 1175 714 ipse
1223 659 1297 699 ac
1342 642 1504 701 sinus
1547 644 1736 702 famae
1784 646 1847 701 in
1899 646 2056 705 hune
2080 648 2243 709 diem

500 744 519 773 ‘
541 738 821 797 defendit.
889 757 1045 798 nune
1100 741 1378 799 terminus
1421 742 1763 801 Britanniae
1818 750 1997 818 patet.
2064 754 2237 821 atque

501 843 713 930 ‘omne
742 839 1001 912 ignotum
1032 859 1134 914 pro
1182 841 1497 917 magnifico
1542 848 1648 901 est.
1732 846 1853 902 Sed
1904 848 2061 903 nulla
2109 848 2231 907 iam

499 943 518 973 ⁸
542 941 688 996 ultra
717 958 879 1014 gens,
930 940 1073 997 nihil
1116 940 1230 998 nisi
1259 941 1465 998 fluctus
1493 949 1552 998 et
1595 960 1736 999 saxa
1761 963 1775 999 ε
1817 950 1876 1001 et
1906 944 2239 1004 infestiores

498 1036 829 1096 ‘'Romani:
872 1058 1108 1111 quorum
1157 1039 1486 1111 superbiam
1534 1041 1741 1099 frustra
1769 1061 1872 1116 per
1894 1045 2234 1117 obsequium

497 1142 516 1171 ⁸
537 1144 596 1194 et
644 1136 986 1196 modestiam
1039 1137 1324 1211 effugeris.
1387 1146 1644 1213 raptores
1698 1143 1873 1208 orbis,
1928 1151 2230 1218 postquam

496 1241 740 1297 “cuncta
753 1237 1112 1295 vastantibus
1125 1237 1364 1295 defuere
1382 1243 1589 1307 terrae,
1609 1248 1669 1297 et
1690 1258 1846 1298 mare
1863 1248 2194 1301 scrutantur
2216 1263 2235 1300 ε

495 1338 586 1396 ‘si
618 1340 873 1411 locuples
903 1338 1082 1393 hostis
1124 1344 1232 1404 est,
1278 1338 1482 1409 ενοι-ῖς
1522 1339 1574 1396 si
1616 1358 1851 1413 pauper,
1893 1341 2231 1422 ambitiosi:

493 1442 671 1511 ‘quos
722 1455 838 1493 non
906 1437 1135 1504 Oriens,
1179 1454 1298 1494 non
1367 1438 1683 1501 Occidens,
1727 1438 2053 1497 satiaverit.
2114 1439 2229 1497 soli

492 1540 511 1570 ‘
530 1536 789 1593 omnium
816 1553 956 1608 opes
984 1542 1155 1610 atque
1185 1536 1447 1611 inopiam
1497 1537 1619 1611 pari
1667 1538 1896 1595 adfectu
1925 1538 2228 1611 concupis-

492 1641 692 1695 ‘cunt.
780 1637 1044 1704 Auferre,
1075 1638 1383 1703 trucidare,
1423 1654 1644 1711 rapere,
1685 1638 1848 1695 salsis
1877 1638 2228 1707 nominibus,

489 1734 869 1813 ‘Imperium3
932 1744 1121 1812 atque,
1172 1737 1270 1794 ubi
1319 1736 1694 1795 solitudinem
1739 1738 1979 1808 faciunt,
2016 1737 2225 1795 Pacem

490 1840 510 1870 ‘
526 1834 863 1910 appellant?
1184 1904 1187 1908 ,

383 1926 463 1987 31
551 1944 567 1971 ‘
592 1942 830 1997 Liberos
857 1936 1065 2010 auique
1094 1953 1165 1994 ac
1214 1935 1563 2010 propinquos
1609 1954 1744 1994 suos
1784 1941 1990 1994 natura
2036 1936 2214 1994 earis-

488 2045 699 2105 ‘simos
740 2029 872 2099 esse
918 2038 1123 2097 voluit.
1167 2035 1229 2094 hi
1273 2053 1376 2110 per
1415 2022 1698 2104 delectus,
1753 2036 1892 2094 alibi
1936 2035 2224 2105 servituri,

488 2146 897 2205 ‘aufer-untur:
965 2138 1247 2210 coniuges
1326 2154 1680 2209 sororesque,
1760 2138 1872 2193 etsi
1951 2136 2224 2193 hostilem

486 2242 832 2302 ‘libidinem
874 2236 1171 2309 effugiant,
1220 2236 1457 2291 nomine
1504 2235 1823 2291 amicorum
1878 2241 2050 2307 atque
2096 2236 2223 2292 hos-

484 2343 703 2417 ‘pitum
757 2339 1099 2412 polluuntur.
1190 2333 1361 2390 Bona
1407 2332 1774 2407 fortunasque
1824 2334 1885 2390 in
1944 2333 2217 2391 tributum

484 2443 801 2515 ‘egerunt3
843 2434 904 2492 in
961 2449 1251 2490 annonam
1280 2430 1644 2489 frumentum.
1688 2449 1925 2505 corpora
1972 2433 2099 2505 ipsa
2145 2448 2217 2492 ac

483 2544 502 2572 ⁸
522 2555 745 2604 manus,
771 2534 940 2591 silvis
961 2550 1034 2590 ac
1056 2531 1361 2606 paludibus
1388 2530 1773 2599 emuniendis,
1803 2534 2044 2587 verbera
2065 2531 2220 2588 inter

482 2642 500 2670 ‘
521 2654 595 2696 ac
614 2633 1018 2700 contumelias,
1038 2637 1369 2690 conterunt.
1450 2632 1609 2688 Nata
1630 2630 1900 2687 servituti
1921 2630 2217 2704 mancipia

539 2791 606 2838 Ee
625 2790 764 2851 mare]
829 2788 880 2835 ld
915 2790 998 2843 est,
1035 2786 1173 2833 etiam
1193 2800 1318 2832 mare
1354 2790 1620 2833 scrutantur.
1680 2784 1819 2832 Certe
1859 2785 2048 2832 Romani
2088 2799 2213 2833 mare

478 2849 804 2904 scrutabantur,
826 2862 924 2893 cum
945 2845 1240 2897 Britanniam,
1261 2860 1331 2903 aq
1353 2846 1556 2900 maxime,
1573 2845 1879 2898 Caledoniam.
1900 2850 2117 2905 peterent.

536 2928 633 2976 soli
658 2927 878 2988 omnium]
942 2927 1013 2972 Ex
1033 2924 1234 2972 omnibus
1252 2924 1503 2971 bominibus
1531 2923 1636 2972 soli.
1699 2925 1919 2972 Ouinium
1939 2925 1996 2970 ad
2024 2937 2135 2984 opes
2153 2936 2213 2970 ne

476 2989 657 3036 referas.

540 3068 703 3114 Pacem
732 3065 972 3126 appellant]
1037 3064 1147 3111 Inde
1188 3064 1233 3110 in
1272 3063 1356 3109 scri
1391 3063 1558 3109 toribus
1594 3069 1686 3109 tam
1723 3077 1858 3124 saepe
1895 3061 2090 3108 occurrit
2118 3074 2212 3118 pua!

474 3126 709 3185 Romana.-
740 3126 849 3171 etin
870 3123 1057 3171 nummis
1087 3123 1230 3171 PAX.
1266 3124 1342 3170 ΡΑ
1424 3123 1608 3169 ORBlS
1629 3121 2025 3170 TERRARtslu.

489 3250 490 3255 ,
531 3206 663 3253 Alibi
692 3204 922 3264 servituri]
993 3204 1041 3250 ld
1061 3203 1278 3250 Romanis
1296 3209 1490 3257 cautum,
1521 3217 1577 3250 ne
1596 3203 1640 3249 in
1661 3201 1812 3262 patria
1841 3201 2085 3248 turbarent.

537 3284 795 3332 Pulu'dr’bus
820 3283 1122 3344 emuniendis]
1186 3283 1303 3329 Viae
1320 3297 1402 3343 per
1439 3282 1575 3328 silvas
1595 3297 1646 3328 ac
1676 3283 1876 3342 paludes,
1895 3281 1954 3327 ob
1987 3292 2203 3329 commeat

472 3346 600 3391 tuum
638 3344 920 3397 facilitatem,
959 3342 1264 3389 emuniendae.
1354 3342 1471 3388 Vide
1505 3341 1617 3387 infra
1658 3357 1754 3401 cap.
1799 3345 1870 3387 33.
1935 3341 2073 3386 Tales
2106 3339 2211 3384 viae

473 3402 707 3450 Romanae
726 3409 899 3449 exstant
915 3403 1061 3449 adhuc
1081 3403 1302 3462 plurimae
1333 3403 1379 3448 in
1412 3401 1581 3456 Scotia,
1617 3416 1725 3460 quas
1771 3399 2098 3446 accuratissime
2129 3398 2209 3443 de-

473 3462 653 3523 scripsit
667 3463 865 3509 eruditus
884 3462 1083 3518 Gor-don,
1104 3460 1405 3508 Itinerarium
1441 3459 1802 3517 septentrionale,
1825 3462 1867 3504 in
1900 3458 2053 3529 tabula
2089 3456 2211 3503 Geo-

470 3522 764 3658 mstgblxibia
794 3600 925 3645 κηποι
955 3599 1165 3659 veneunt]
1248 3597 1488 3658 Egregium
1527 3613 1638 3645 vero
1665 3596 1927 3651 membrum,
1966 3599 2016 3641 et
2051 3593 2208 3657 qualia

472 3659 616 3706 multa
634 3659 681 3706 in
717 3658 1018 3721 pulcherrimo
1047 3672 1235 3718 corpore
1252 3658 1383 3706 huius
1420 3657 1649 3706 orationis.
1681 3672 1787 3719 qua,
1807 3656 1990 3715 moriar,
2025 3654 2065 3704 si
2098 3653 2208 3716 quid
