2532 4164
1034 225 1192 341 «11ιὲ.
1252 264 1363 379 11.
1407 262 1519 328 12.
1976 259 2108 324 121

385 440 627 518 agendis
657 440 885 498 efficere
914 437 1131 513 aliquid
1159 443 1222 495 et
1266 435 1415 494 eniti
1462 435 1702 492 fortasse
1746 438 1997 507 possum,
2037 431 2122 489 ita

388 540 735 600 recitatione
785 537 1211 613 tragoediarum
1256 535 1481 609 ingredi
1533 533 1745 590 famam
1790 533 2121 605 auspicatus

391 657 537 707 sum,
594 645 712 695 tum
769 638 1019 711 quidem,
1064 653 1199 694 cum
1244 636 1306 692 in
1359 635 1598 690 Nerone
1641 632 2022 705 inprobatam,
2062 634 2123 688 et

392 739 708 796 studiorum
736 754 957 811 quoque
1007 719 1173 792 sacra
1223 733 1625 806 profanantem
1666 732 1897 790 Vatinii
1928 737 2125 805 poten·

395 836 536 898 tiam
574 834 771 910 fregi:
813 841 873 891 et
931 833 1123 898 hodie,
1172 833 1223 890 si
1271 832 1406 907 quid
1453 832 1515 889 in
1565 827 1732 888 nobis
1778 831 2024 889 notitiae
2051 847 2123 888 ac

396 935 651 994 nominis
679 939 787 1001 est,
817 932 999 1007 magis
1034 932 1276 990 arbitror
1326 931 1665 1008 carminum,
1706 948 1876 1005 quam
1914 931 2126 987 oratio·

398 1051 554 1098 num,
582 1032 764 1106 gloria
795 1039 1035 1105 partum.
1079 1048 1149 1088 ac
1191 1029 1313 1087 iam
1354 1047 1448 1087 me
1492 1029 1794 1103 seiungere
1838 1046 1873 1086 a
1911 1029 2127 1087 forensi

396 1135 589 1189 labore
618 1130 916 1198 constitui,
946 1148 1057 1187 nec
1086 1130 1401 1187 comitatus
1430 1129 1592 1197 istos,
1634 1135 1693 1185 et
1721 1147 1998 1203 egressus,
2028 1135 2129 1187 aut

401 1230 782 1305 frequentiam
848 1229 1259 1286 salutationum
1322 1228 1708 1300 concupisco:
1773 1245 1889 1285 non
1916 1228 2129 1303 ,magis

405 1346 574 1403 quam
602 1346 736 1385 aera
758 1333 819 1385 et
847 1328 1149 1401 imagines,
1191 1344 1338 1397 quae
1386 1326 1581 1394 etiam,
1631 1342 1724 1383 me
1771 1328 2027 1395 nolente,
2066 1326 2131 1383 in

404 1429 635 1484 domum
702 1444 890 1484 meam
958 1426 1314 1499 inruperunt.
1426 1426 1582 1483 Nam
1648 1430 1860 1483 statum
1928 1427 2131 1482 hucus-

405 1544 514 1604 que
557 1542 627 1582 ac
669 1525 1040 1582 securitatem
1094 1524 1298 1581 melius
1360 1523 1699 1582 innocentia
1741 1530 1923 1593 tueor,
1961 1542 2133 1599 quam
2198 1567 2203 1573 -

406 1624 756 1700 eloquentia,
809 1607 929 1680 'nec
988 1641 1212 1691 vereor,
1275 1641 1349 1680 ne
1407 1623 1552 1694 mihi
1617 1640 1886 1701 umquam
1953 1626 2133 1682 verba

407 1722 470 1779 in
535 1724 774 1789 Senatu,
816 1722 930 1779 nisi
992 1739 1095 1796 pro
1152 1724 1389 1780 alterius
1445 1722 1803 1792 discrimine,
1863 1722 2135 1798 facienda

408 1822 544 1878 sint.
1408 1881 1411 1882 1

490 1921 748 1977 Nemora
767 1938 927 1992 vero,
950 1926 1009 1978 et
1033 1920 1167 1989 luci,
1185 1925 1244 1977 et
1266 1926 1554 1978 secretum
1575 1921 1781 1996 ipsum,
1801 1922 1951 1996 quod
1975 1922 2137 1995 Aper
2164 1919 2265 1993 12*

410 2018 767 2101 increpabat,
795 2026 1017 2076 tantam
1047 2021 1192 2078 1111111
1215 2021 1477 2076 adserunt
1508 2022 1882 2093 voluptatem,
1904 2028 1966 2080 ut
1988 2020 2140 2097 ijer

407 2119 748 2194 praecipuos
777 2119 1098 2176 carminum
1148 2119 1365 2177 fructus
1394 2137 1710 2185 numerem,
1753 2121 1901 2194 quod
1932 2138 2044 2177 nec
2075 2119 2139 2176 in

415 2217 676 2295 strepitu,
705 2235 816 2275 nec
845 2219 1088 2276 sedente
1118 2223 1255 2275 ante
1278 2218 1488 2275 ostium
1517 2217 1825 2295 litigatore,
1852 2236 1962 2276 nec
1991 2206 2179 2278 inter*

416 2318 613 2373 sordes
641 2333 712 2373 ac
742 2317 1010 2374 lacrimas
1039 2334 1261 2375 reorum
1291 2323 1751 2400 componuntur3
1791 2319 1892 2376 sed
1920 2320 2145 2377 secedit

418 2415 642 2473 animus
699 2416 759 2472 in
813 2417 944 2473 loca
1001 2432 1138 2489 pura
1192 2420 1366 2490 atque
1421 2415 1779 2484 innocentia,
1833 2418 2144 2495 fruiturque

418 2514 652 2572 sedibus
675 2513 874 2571 sacris.
959 2515 1125 2574 Haec
1148 2514 1517 2588 eloquentiae
1543 2516 1868 2590 primordia,
1886 2519 2032 2576 haec
2052 2537 2147 2593 pe-

418 2614 698 2670 netralia:
742 2614 852 2670 hoc
876 2613 1120 2686 primum
1150 2613 1352 2671 habitu
1381 2617 1653 2690 cultuque
1671 2618 1976 2693 commoda
2004 2635 2148 2677 mor-

420 2714 645 2782 talibus,
673 2712 737 2769 in
765 2713 868 2768 illa
895 2719 1079 2777 casta,
1110 2718 1171 2770 et
1210 2713 1384 2799 nullis
1408 2721 1680 2772 contacta
1709 2715 1887 2785 vitiis,
1916 2722 2152 2789 pectora

420 2810 682 2867 influxit:
751 2811 837 2868 sic
889 2814 1124 2868 oracula
1178 2814 1575 2887 loquebantur.
1672 2814 1828 2871 Nam
1884 2817 2150 2876 lucrosae

341 2942 348 2943 ff
422 2910 586 2966 huius
609 2915 665 2966 et
685 2909 1086 2982 sanguinantis
1116 2911 1482 2986 eloquentiae
1509 2929 1643 2968 usus
1671 2930 1875 2971 recens
1903 2920 1964 2971 et
1986 2914 2154 2975 malis

423 3007 673 3065 moribus
704 3014 888 3073 natus,
932 3013 1122 3083 atque,
1151 3015 1213 3067 ut
1240 3015 1301 3067 tu
1349 3011 1606 3077 dicebas,
1636 3013 1817 3085 Aper,
1858 3013 1919 3070 in
1964 3016 2155 3071 locum

423 3111 528 3167 teli
555 3115 829 3183 repertus.
914 3110 1190 3168 Ceterum
1219 3111 1363 3168 felix
1393 3111 1555 3178 illud,
1583 3116 1662 3181 et,
1691 3118 1751 3168 ut
1774 3129 1932 3170 more
1963 3120 2157 3171 nostro

425 3262 761 3367 Egruiturque
790 3265 968 3312 sedibus
998 3265 1154 3326 meris]
1206 3264 1237 3313 i.
1259 3264 1335 3312 nbi
1369 3265 1535 3313 Musae
1565 3269 1616 3311 et
1651 3265 1895 3326 Nymphae
1932 3266 2155 3315 habitant.

478 3399 806 3457 Sanguinem-is
825 3401 1106 3464 doque-ntiae]
1170 3403 1369 3451 Lucrosa
1398 3404 1508 3450 haec
1527 3407 1576 3449 et
1605 3402 1885 3462 sanguinaria
1904 3403 2161 3465 eloquentia

423 3462 493 3505 ter
511 3459 674 3505 millies
692 3461 947 3508 sestertium
969 3461 1111 3523 Eprio
1128 3462 1361 3511 Marcello
1380 3463 1692 3523 praestiterat3
1729 3467 1779 3509 ut
1796 3462 1986 3511 vidimus
2002 3479 2096 3525 cap.
2114 3467 2157 3511 8.

503 3557 645 3597 von.
688 3559 782 3599 111.
1135 3576 1140 3581 ·
1339 3547 1407 3600 11
1487 3540 1491 3547 ’
