2532 4164
423 282 473 350 4
872 303 966 350 nr.
1017 301 1336 352 Moamvs
1388 300 1828 352 emamanue-

423 453 656 515 trionali
723 454 972 514 Oceano
1042 458 1334 515 miscetur.
1471 458 1796 525 Danubius,
1871 456 2035 519 moui
2097 461 2165 517 et

421 556 745 613 clementer
771 556 932 613 edi—to
998 558 1211 613 montis
1256 518 1545 614 Abniibae
1592 557 1727 646 iugp
1753 558 1999 649 feffgsus,
2048 558 2168 629 plu-

428 670 520 709 res
600 657 840 726 popu-ios
896 655 1037 722 adit,
1109 657 1299 712 donee
1351 657 1410 712 in
1483 642 1789 721 Pontidum
1855 656 2017 715 ‘mare
2059 672 2169 717 sex

427 751 714 810 meatibus
782 754 1052 827 erumpit.
1128 754 1438 826 septimum
1502 754 1659 813 enim
1730 772 1796 819 os
1866 754 2169 828 paiussibus

424 849 699 909 hauritur.

358 966 401 1024 2
549 954 713 1023 Ipsos
776 951 1108 1008 Germanos
1182 950 1487 1024 indigenas
1555 951 1919 1019 erediderim,
2001 953 2169 1011 mini·

423 1068 629 1124 meque
698 1050 939 1119 aliarum
1011 1049 1272 1122 gentium
1338 1051 1688 1107 adventibus
1765 1058 1823 1107 et
1899 1053 2169 1124 hospitiis

424 1150 675 1217 mixtos3
714 1148 848 1224 quia
905 1166 1014 1207 nee
1065 1155 1215 1207 terra
1268 1149 1429 1215 olim,
1481 1150 1583 1206 sed
1633 1151 1933 1218 elassibus,
1991 1152 2168 1206 adve-

423 1248 725 1313 hebantur,
775 1249 871 1323 qui
919 1255 1137 1305 mutare
1179 1249 1348 1305 sedes
1392 1250 1785 1321 quaerebant:
1830 1253 1889 1305 et
1944 1249 2168 1306 inmen-

423 1365 518 1403 sus
592 1350 757 1413 ultra,
813 1352 986 1420 utque
1040 1347 1129 1404 sic
1187 1345 1479 1429 dixerim,⁴
1522 1347 1800 1403 adversus
1873 1348 2166 1416 Oceanus,

425 1447 565 1504 raris
614 1449 687 1503 ab
730 1448 867 1502 orbe
923 1451 1119 1503 nostr-o
1177 1445 1425 1503 navibus
1475 1444 1678 1501 aditur.
1784 1443 1929 1517 Quis
1982 1462 2168 1518 porro,

425 1551 652 1618 praeter
701 1545 1020 1616 perieulum
1064 1542 1282 1603 horridi
1320 1549 1377 1600 et
1424 1542 1611 1618 ignoti
1640 1543 1830 1609 maris,
1882 1543 2027 1602 Asia
2068 1548 2183 1600 aut·

430 1643 633 1701 Africa
690 1649 788 1701 aut
840 1644 1012 1700 ltalia
1068 1643 1296 1712 relicta,
1349 1641 1730 1700 Germaniam
1760 1638 2029 1716 peteret?
2085 1641 2173 1699 in-

425 1742 666 1798 formem
741 1741 924 1809 terris,
991 1759 1255 1814 asperam
1324 1743 1511 1808 coelo,
1564 1740 1785 1799 tristem
1858 1743 2015 1798 cultu
2070 1741 2169 1798 ad-

426 1851 762 1916 spectuque,
793 1840 905 1898 nisi
960 1841 1008 1897 si
1042 1842 1228 1914 patria
1281 1841 1375 1898 sit·
1458 1820 1780 1905 Celebrant
1814 1838 2167 1897 carminibus

427 1939 678 2014 antiquis
705 1941 882 2018 (quod
939 1957 1116 2008 unum
1163 1941 1315 2012 apud
1363 1940 1495 1996 illos
1544 1938 1857 1996 memoriae
1886 1945 1945 1995 et
1994 1955 2170 1995 anna·

432 2100 498 2143 15.
562 2094 728 2142 Cautio
747 2099 830 2151 est,
851 2110 908 2141 ne
943 2110 1044 2142 eum
1065 2094 1247 2141 iislocis
1286 2091 1567 2156 quaeramus,
1588 2092 1662 2139 ubi
1699 2107 1854 2140 versus
1884 2092 2168 2197 participium

426 2161 511 2213 est,
533 2162 582 2200 ut
602 2155 714 2200 bene
749 2161 900 2200 monet
941 2155 1158 2209 Bokaros,
1197 2154 1441 2214 exquisitae
1464 2152 1531 2197 vir
1572 2152 1819 2207 doetrinae,
1856 2167 1881 2198 a
1949 2152 2048 2198 Liv.
2092 2154 2167 2210 38,

426 2218 498 2261 51.
565 2214 663 2259 Hoc
687 2214 786 2258 loco
805 2214 1084 2273 participium
1125 2227 1364 2269 agnoscere
1398 2226 1484 2257 non
1515 2210 1631 2256 licet.
1700 2211 1818 2256 Nam
1858 2211 2015 2271 copula
2034 2210 2171 2256 debe-

426 2279 495 2318 ret
514 2287 610 2317 esse
630 2277 726 2331 post
742 2278 879 2323 ortus,
902 2271 964 2317 sic
984 2290 995 2317 t
1027 2276 1067 2315 et
1088 2270 1407 2327 modicofleoeu,
1430 2275 1515 2314 etc.
1578 2269 1753 2314 Modico
1770 2267 1832 2325 fl.
1853 2268 1886 2314 ι’.
1910 2269 1965 2315 Ο.
1989 2283 2033 2315 υ.
2068 2274 2166 2315 est:

428 2332 504 2377 ubi
524 2332 693 2376 modice
715 2345 863 2375 versus
884 2330 1173 2375 Occidentem
1194 2344 1241 2374 se
1272 2328 1408 2373 flexit.
1474 2327 1590 2373 Mox
1609 2328 1788 2372 molliet
1805 2328 2037 2373 clementer
2056 2328 2169 2373 edito

428 2392 534 2447 iugo
571 2388 888 2446 synonymice':
925 2403 981 2433 ne
1017 2388 1241 2438 'I'aeitmm
1278 2387 1509 2431 brevitatis
1544 2392 1787 2444 auctorem,
1822 2386 1935 2431 talia
1968 2386 2171 2445 refugere

429 2457 574 2511 putes,
596 2448 670 2493 ubi
690 2447 906 2508 exquisita
927 2446 1063 2492 verba
1084 2447 1128 2491 in
1151 2452 1327 2506 promtu
1348 2450 1463 2491 sunt.
1527 2444 1648 2490 Ern.

488 2528 751 2586 Indigenas]
819 2526 1070 2582 Indigenae,
1103 2530 1150 2569 et
1186 2523 1312 2584 quasi
1335 2538 1359 2567 e
1397 2530 1515 2569 terra
1536 2522 1758 2583 prognati,
1779 2522 2006 2569 veteribus
2035 2522 2171 2582 serip-

430 2587 598 2633 toribus
618 2587 727 2632 dicti
745 2589 846 2631 sunt
883 2585 1035 2645 popuii
1056 2598 1224 2638 omneS,
1245 2597 1430 2641 quorum
1450 2582 1577 2637 origo
1608 2596 1683 2627 eos
1702 2582 1889 2627 latebat.
1953 2581 2167 2637 Nostram

429 2662 476 2694 su
508 2647 786 2705 erioremque
819 2649 1017 2689 aetatem
1046 2642 1233 2689 meliora
1269 2642 1422 2687 docuit
1458 2641 1599 2697 major
1633 2640 1895 2686 eruditionis
1928 2642 2070 2701 copia,
2111 2641 2174 2686 sa-

427 2662 559 2751 eifior
576 2704 936 2771 frequentiorque
955 2701 1346 2762 perigrinationum
1383 2715 1498 2753 usus,
1519 2715 1573 2746 ac
1594 2700 1786 2745 maxime
1808 2699 2053 2757 linguarum
2091 2714 2168 2745 no·

425 2765 545 2812 titia.
611 2765 668 2809 lis
701 2762 902 2808 subsidiis
922 2767 1080 2821 aperta
1101 2759 1250 2805 muudi
1284 2759 1560 2805 commercia.
1638 2758 1839 2804 Eruditis
1854 2758 2057 2804 omnibus
2072 2759 2168 2815 jam

427 2829 714 2883 compertum,
739 2821 994 2880 Scythicam
1015 2834 1111 2865 esse
1130 2818 1452 2865 Germanorum
1482 2817 1713 2877 originem.
1779 2819 1966 2879 ipsaque
1984 2818 2171 2863 Germa·

426 2884 503 2930 nia
523 2882 736 2939 Scythiae
756 2878 1043 2934 contermina,
1066 2877 1178 2924 Plin.
1202 2878 1333 2925 thl.
1372 2881 1438 2925 15.

485 2961 763 3008 Advemibus
782 2965 821 3004 et
851 2957 1088 3017 Hospitiis}
1156 2956 1304 3003 Aliter
1320 2960 1367 3002 et
1406 2971 1509 3002 vere
1530 2955 1717 3002 Tacitus
1753 2955 1866 3002 iufra
1887 2968 1984 3017 cap.
2025 2955 2083 3001 28
2116 2957 2166 2999 et

427 3025 497 3068 ⁴3.
570 3020 743 3072 Gallos,
781 3018 1002 3064 Gotbinos
1038 3023 1085 3061 et
1123 3017 1252 3068 Osos,
1290 3016 1483 3061 advenas
1529 3022 1664 3075 atque
1701 3015 1779 3061 hos
1815 3014 1896 3058 ites
1932 3020 2165 3059 memorat.

427 3081 511 3127 His
544 3086 692 3130 tamen
726 3076 991 3123 adventibus
1028 3079 1074 3120 et
1112 3076 1316 3136 hospitiis
1350 3075 1531 3121 minime
1565 3074 1731 3120 mixtos
1813 3085 2030 3127 ermanos,
2070 3086 2171 3118 cen-

426 3144 525 3185 sent
543 3138 707 3184 eruditi
727 3134 963 3183 Germani:
1000 3134 1088 3179 vim
1122 3134 1296 3195 imperii
1330 3148 1465 3195 penes
1498 3148 1573 3178 eos
1608 3146 1782 3193 semper
1800 3132 1961 3177 fuissez
2011 3129 2170 3177 alieni-

425 3213 560 3257 genas
600 3210 706 3242 vero
743 3194 946 3257 precario
969 3199 1156 3251 tantum,
1187 3198 1236 3240 et
1275 3208 1419 3252 agroS,
1458 3192 1683 3254 pendente
1720 3194 1895 3236 tantum
1936 3189 2045 3247 vita,
2068 3189 2174 3236 reti·

426 3263 594 3304 nentes.

485 3334 775 3382 Germaniam
806 3333 988 3393 peteret]
1052 3332 1261 3378 Nondum
1298 3325 1401 3377 salis
1419 3329 1567 3375 valida
1597 3328 1728 3374 ratio.
1792 3326 2011 3375 Homines
2031 3341 2166 3388 saepe

425 3400 547 3441 tutas
565 3394 712 3453 potius
731 3407 862 3453 quam
901 3392 1043 3437 laetas
1061 3392 1189 3437 sedes
1223 3390 1463 3450 quaesiere.
1530 3388 1707 3434 Eodem
1738 3392 2000 3444 argumento
2018 3401 2047 3431 a
2079 3386 2169 3432 sor·

426 3454 532 3499 tiori
564 3452 740 3513 probari
762 3452 916 3513 possit,
938 3456 1157 3496 nostrates
1178 3449 1293 3495 Νου.
1317 3450 1511 3506 Angliae
1531 3447 1760 3505 indigenas
1778 3446 1924 3491 fuisse.

485 3532 618 3584 Quod
637 3546 782 3579 unum
804 3530 925 3587 apud
958 3529 1077 3589 illos]
1141 3528 1377 3588 Vti,apud
1397 3527 1608 3572 barbaros
1642 3527 1737 3571 fere
1768 3538 1920 3569 omnes
1956 3527 2004 3570 et
2034 3521 2170 3572 rudes

423 3592 692 3638 litterarum.
756 3590 855 3636 Nec
876 3588 1064 3650 Hispani
1084 3587 1220 3637 aliter
1239 3600 1497 3648 comperere
1518 3585 1636 3647 apud
1657 3598 1796 3631 novos
1819 3583 1965 3630 ludos.
2030 3580 2167 3657 Egiri-
