2532 4164
976 269 1136 318 car.
1185 251 1307 318 24.
1360 250 1481 318 25.
1980 251 2081 322 79

341 423 537 501 gentis
574 402 913 497 exceperat,
949 441 1025 482 ac
1069 424 1269 497 specie
1318 422 1618 482 amicitiae
1653 422 1718 482 in
1742 423 2081 486 cessionem

342 525 653 583 retinebat.
739 524 931 596 Saepe
960 541 1036 580 ex
1067 542 1142 580 eo
1175 524 1395 588 audivi,
1438 524 1670 598 legione
1699 541 1820 582 una
1854 530 1915 581 et
1963 542 2080 584 mo-

341 625 496 685 dicis
521 623 761 682 auxiliis
786 624 1069 681 debellari
1110 623 1475 697 obtinerique
1507 623 1849 681 Hiberniam
1891 641 2078 696 posse.

328 725 531 799 quue
590 723 771 781 etiam
831 724 1110 780 adversus
1181 723 1549 780 Britanniam
1618 722 1990 795 profuturum,
2017 722 2083 781 ,si

346 823 614 882 Romana
643 824 855 898 ubique
880 839 1063 890 arma,
1098 826 1160 879 et
1198 824 1363 880 velut
1402 839 1438 879 e
1491 827 1812 895 conspectu
1842 823 2082 881 libertas

346 924 665 980 tolleretur.

425 1022 703 1080 Ceterum
729 1025 973 1089 aestate,
997 1039 1110 1096 qua
1136 1026 1370 1078 sextum
1396 1020 1576 1078 officii
1604 1037 1820 1078 annum
1845 1021 2079 1080 inchoa·
2101 1003 2188 1065 25

347 1122 471 1187 bat,
494 1124 799 1193 amplexus
844 1121 1127 1177 civitates
1172 1126 1329 1177 trans
1379 1120 1718 1177 Bodotriam
1758 1121 1920 1185 sitas,
1947 1121 2084 1192 quia

345 1226 535 1277 motus
581 1219 983 1277 universarum
1031 1220 1180 1275 ultra
1228 1218 1509 1292 gentium,
1536 1225 1599 1276 et
1644 1219 1857 1276 infesta
1885 1219 2084 1278 hostili

349 1320 612 1378 exercitu
666 1319 900 1385 itinera,
943 1318 1316 1385 timebantur,
1383 1326 1580 1390 portus
1637 1322 1828 1376 classe
1884 1322 2085 1392 explo-

349 1417 539 1475 ravit:
578 1435 747 1491 quae,
786 1421 860 1474 ab
906 1420 1186 1490 Agricola
1215 1419 1459 1490 primum
1500 1419 1803 1490 adsumpta
1842 1418 1905 1475 iu
1961 1435 2086 1491 par-

350 1520 471 1575 tem
510 1516 740 1583 virium,
781 1520 1129 1590 sequebatur
1187 1517 1422 1590 egregia
1468 1516 1692 1589 specie,
1737 1534 1872 1576 cum
1912 1518 2086 1576 simul

352 1619 520 1682 terra,
577 1615 749 1672 simul
809 1617 953 1672 mari
1022 1616 1235 1672 bellum
1299 1616 1710 1688 impelleretur,
1770 1633 1842 1674 ac
1907 1635 2087 1690 saepe

350 1714 561 1772 iisdem
599 1714 806 1777 castris
865 1716 1042 1787 pedes
1099 1731 1407 1788 equesque,
1453 1720 1511 1770 et
1571 1714 1837 1772 nauticus
1899 1717 2088 1785 miles,
2129 1772 2138 1775 ,

350 1814 522 1871 mixti
589 1813 779 1887 copiis
838 1820 899 1870 et
961 1813 1205 1877 laetitia,
1263 1828 1368 1869 sua
1425 1812 1665 1886 quisque
1723 1813 1898 1879 faeta,
1952 1832 2090 1872 suos

350 1929 521 1971 casus
582 1913 961 1970 adtollerent:
1024 1928 1096 1969 ac
1156 1914 1331 1969 modo
1382 1912 1660 1972 silvarum
1701 1920 1762 1970 et
1803 1918 2090 1973 montium

353 2013 650 2090 profunda,
693 2016 864 2070 modo
907 2018 1317 2085 tempestatum
1371 2028 1442 2067 ac
1504 2012 1778 2069 fluctuum
1819 2014 2085 2084 adversa,

353 2114 494 2173 hinc
535 2119 687 2170 terra
731 2119 792 2170 et
835 2112 1035 2177 hostis,
1078 2111 1216 2168 hinc
1257 2117 1461 2167 auctus
1517 2111 1786 2169 Oceanus
1847 2112 2092 2170 militari

353 2211 635 2269 iactantia
688 2216 1177 2283 compararentur.
1261 2208 1577 2266 Britannos
1618 2227 1863 2284 quoque,
1906 2221 1964 2268 ut
2007 2228 2086 2270 ex

354 2311 608 2383 captivis
681 2312 1037 2375 audiebatur,
1104 2309 1231 2365 visa
1297 2308 1500 2365 classis
1565 2310 2086 2382 obstupefaciebat,

355 2414 665 2484 tamquam,
717 2417 919 2483 aperto
958 2407 1129 2465 maris
1168 2407 1259 2464 sui
1317 2412 1562 2475 secreto,
1602 2409 1867 2467 ultimum
1909 2411 2086 2470 victis
2166 2397 2169 2400 ’

355 2511 671 2585 perfugium
730 2511 1108 2567 clauderetur.
1197 2509 1290 2565 Ad
1350 2525 1553 2565 manus
1613 2517 1671 2565 et
1737 2528 1894 2567 arma
1948 2529 2087 2569 con·

354 2612 510 2667 versi
568 2610 952 2670 Caledoniam
1004 2608 1333 2665 incolentes
1385 2606 1608 2679 populi,
1677 2616 1875 2681 paratu
1927 2627 2087 2692 mag·

356 2727 449 2779 nu,
480 2710 692 2767 maiore
734 2708 904 2776 fama,
935 2707 1018 2765 uti
1048 2724 1170 2764 mos
1198 2713 1287 2764 est
1327 2708 1401 2763 (le
1444 2707 1682 2781 ignotis,
1720 2726 2089 2782 oppugnasse

353 2864 598 2971 offerti-²18²}
610 2861 744 2923 officii
759 2862 954 2925 annum]
1019 2863 1194 2911 Annum
1229 2860 1370 2907 Urbis
1399 2860 1609 2907 conditae
1627 2877 1914 2910 ncccxxxvn.
1978 2866 2089 2912 Jesu

427 2939 483 2971 ns
506 2941 520 2969 1
602 2961 609 2967 .

411 3004 659 3059 Amplexus
676 3002 889 3063 civitates]
943 3001 1185 3061 Amplexus
1215 2999 1472 3045 orientales
1502 2999 1846 3046 Caledoniorum
1864 3001 2089 3063 civitates,

355 3061 431 3109 ubi
460 3077 572 3108 nunc
611 3061 866 3122 provinciae
899 3059 1019 3118 Filo,
1040 3060 1195 3114 Parth,
1231 3058 1483 3116 Sti-allum,
1503 3061 1681 3117 Augus,
1712 3059 1905 3115 Marnas,
1936 3062 2089 3121 Marr,

352 3135 507 3168 carum
528 3129 681 3182 portus
700 3121 840 3167 classe
858 3119 1121 3180 exploravit.

412 3201 590 3246 Aurius
624 3199 845 3258 Οσωπιω]
926 3198 1251 3246 Gloriabantur
1281 3210 1329 3243 se
1363 3195 1532 3242 Oceani
1568 3195 1782 3242 terminos
1801 3210 2087 3258 propagasse.

353 3258 426 3306 ste
446 3268 599 3305 auctus
618 3261 834 3305 Oceanus.

414 3339 700 3395 oppugnasse
718 3337 857 3397 ultro]
920 3337 1102 3392 Major-e
1116 3336 1252 3387 sama,
1266 3334 1332 3380 uti
1355 3349 1447 3380 mos
1475 3339 1542 3379 est
1563 3334 1621 3379 de
1636 3333 1814 3390 ignotis.
1836 3334 2089 3392 Britannos,

355 3411 629 3458 oppugnasse
648 3398 783 3443 ultro.
846 3396 967 3443 Nam
986 3410 1086 3442 cum
1121 3395 1293 3441 castella
1328 3394 1473 3439 atlorti
1505 3398 1656 3444 essent,
1698 3408 1846 3447 sparsa
1880 3401 1938 3437 ese
1953 3396 2092 3451 fama

354 3457 464 3512 ipsos
484 3458 603 3503 ulem
618 3457 787 3502 bellum
810 3455 1017 3501 intulisse
1033 3472 1055 3513 ‚-
1085 3459 1214 3515 alque
1237 3453 1346 3500 hinc
1363 3457 1504 3500 metus
1518 3452 1736 3499 Romanis
1750 3457 1810 3500 est
1824 3455 2019 3513 additus,
2041 3462 2092 3501 ot

355 3521 478 3563 recte
497 3515 696 3577 explicat
718 3514 788 3563 lll.
812 3513 1020 3563 Huetius.
